3054 5010
581 707 927 780 ARGVMENTVM.

213 886 400 943 Prooemium:
419 886 493 956 Quos
511 892 608 958 postus
627 887 789 958 Apollonius
808 888 931 944 imitatus
949 888 986 944 sit
995 929 1224 944 ......
1282 892 1295 943 1

214 993 304 1062 caput
315 992 341 1050 1:
360 993 402 1050 De
414 994 559 1050 verborum
570 993 668 1050 formis
687 1003 715 1050 et
733 996 760 1050 vi
778 995 812 1051 ab
825 995 939 1051 Homeri
956 1011 1009 1052 usu
1026 993 1225 1051 recedentibus.

302 1083 361 1154 61.
399 1083 575 1153 Apollonium
599 1084 684 1140 verba
702 1085 849 1140 Homerica
874 1085 950 1141 novis
975 1085 1139 1140 instruxisse
1160 1089 1226 1140 tem·

400 1173 513 1244 poribus
548 1213 1226 1232 ................
1281 1177 1298 1230 6

302 1263 318 1334 6
336 1266 361 1319 2.
398 1264 508 1334 Quanta
526 1263 681 1320 subtilitate
698 1266 751 1335 Ap.
767 1264 914 1322 Homerum
932 1265 1056 1322 imitatus
1075 1265 1120 1335 sit,
1139 1281 1227 1321 exem-

402 1354 456 1423 plis
474 1351 679 1410 demonstratur
697 1369 702 1377 ·
729 1396 1226 1412 ............
1266 1357 1299 1408 10

242 1482 245 1487 -
303 1444 361 1515 66.
398 1444 529 1513 Singulae
546 1443 653 1501 formae
672 1445 707 1501 ab
727 1445 872 1515 Apollonio
898 1418 1082 1548 ΜΘΝ
1099 1450 1228 1514 receptae
1266 1446 1299 1499 12
1337 1428 1368 1489 s

302 1535 318 1605 6
336 1537 362 1592 4.
398 1534 575 1604 Apollonium
592 1535 676 1591 verba
694 1536 841 1591 Homerica
863 1535 940 1591 novis
965 1535 1131 1591 instruxisse
1148 1549 1228 1605 gene

397 1624 475 1681 ribus
507 1665 1228 1682 .................
1267 1627 1300 1680 14

302 1715 361 1786 66.
397 1714 574 1785 Apollonium
591 1716 768 1786 usurpavisse
786 1731 838 1784 pro
856 1713 952 1772 mediis
971 1715 1094 1772 aotivr.
1132 1757 1139 1771 .
1177 1756 1184 1771 .
1222 1757 1228 1771 .
1267 1719 1301 1771 16
1337 1746 1343 1757 =

303 1805 363 1874 66.
400 1820 451 1874 pro
470 1804 567 1860 activis
585 1803 675 1860 media
688 1845 1229 1862 .............
1264 1809 1299 1860 21
1348 1813 1354 1832 “

303 1895 364 1965 67.
400 1894 519 1951 Formae
537 1895 583 1967 ab⁸
591 1895 711 1951 Homero
730 1894 890 1952 recedentes
905 1896 982 1952 varie
999 1900 1141 1952 mutatae.
1178 1937 1185 1951 .
1222 1938 1229 1952 .
1266 1899 1301 1951 22

302 1985 365 2056 66.
402 1985 445 2041 Da
463 1974 658 2056 optativffusu
676 1986 861 2056 Apolloniano
910 2025 1230 2043 ........
1266 1989 1303 2040 24
1329 1969 1351 2016 s

303 2076 363 2146 62.
400 2075 543 2145 Quatenus
561 2075 596 2131 ab
615 2075 736 2132 Homero
755 2075 950 2133 mundaturus
968 2075 1055 2132 dativi
1089 2117 1096 2132 .
1135 2118 1141 2132 .
1178 2117 1185 2132 .
1222 2117 1229 2132 .
1266 2078 1301 2130 27

196 2159 226 2200 ’-
286 2165 363 2236 610.
400 2166 519 2235 genetivi
550 2206 1229 2224 ................
1266 2168 1303 2220 26

287 2256 364 2326 611.
401 2256 551 2312 aoousativi
593 2295 1229 2313 ...............
1267 2259 1303 2312 60

288 2346 366 2417 612.
403 2345 480 2415 Quae
497 2346 583 2402 verba
600 2347 747 2404 Homerica
765 2350 818 2417 Ap.
844 2352 950 2404 mutato
975 2345 1130 2417 significatu
1152 2361 1231 2402 usur·

403 2436 512 2506 paverit
556 2474 1230 2494 ................
1267 2438 1303 2492 64

287 2527 364 2598 616.
401 2525 577 2597 Apollonium
596 2542 680 2598 saepe
698 2527 879 2597 veriloquium
897 2532 1020 2583 secutum
1038 2542 1098 2583 esse
1134 2567 1141 2582 .
1179 2564 1186 2582 .
1223 2567 1230 2581 .
1268 2528 1303 2581 67

219 2634 309 2705 Caput
327 2634 371 2690 11:
396 2634 499 2704 Quibus
519 2636 554 2691 ab
572 2635 717 2692 Homerico
735 2652 788 2692 usu
806 2635 902 2691 alienis
920 2634 1011 2690 verbis
1030 2637 1082 2704 Ap.
1102 2649 1167 2690 usus
1186 2633 1230 2690 sit.

287 2725 303 2795 6
323 2728 364 2781 14.
401 2725 502 2794 Verba,
522 2741 594 2794 quae
611 2726 640 2782 in
656 2724 777 2782 Hesiodo
796 2725 957 2797 hymnisque
968 2723 1122 2780 Homericis
1140 2723 1231 2780 inven-

403 2815 499 2872 iuntur
551 2854 1232 2874 ................
1268 2818 1303 2871 69

325 2907 366 2962 16.
404 2905 498 2962 Verba
516 2911 582 2962 ante
598 2906 739 2977 Apollonii
757 2911 877 2963 aetatem
894 2905 1012 2962 usitata:
1031 2905 1062 2976 a)
1081 2903 1233 2961 communia
1268 2907 1304 2960 42

325 2998 367 3053 16.
404 2995 461 3069 6)
453 2997 544 3053 ionica
553 3035 1231 3053 ................
1268 2997 1304 3050 46

323 3089 364 3143 17.
401 3088 430 3158 γ)
449 3087 527 3144 varia
554 3125 1231 3144 ................
1267 3086 1304 3140 46

323 3179 364 3232 16.
402 3178 432 3248 6)
450 3177 560 3248 poetica
600 3215 1231 3233 ...............
1267 3176 1304 3229 47

324 3269 366 3323 19.
403 3266 506 3338 Ἴσιδι,
531 3283 602 3336 quae
625 3267 655 3322 in
678 3266 834 3336 aequalium
858 3265 1024 3322 carminibus
1048 3265 1232 3336 inveniuntur,

401 3358 432 3430 α)
450 3346 527 3441 apuu
540 3354 752 3429 Lycophronem
780 3395 1231 3415 ...........
1268 3357 1304 3410 49

405 3714 521 3773 mutavit
548 3750 992 3783 ...........
1021 3792 1024 3797 Ι
1089 3754 1098 3773 .
1135 3755 1142 3770 .
1180 3756 1186 3771 .
1225 3755 1231 3770 .
1269 3717 1305 3771 66

322 3811 367 3864 26.
403 3808 432 3880 ll)
453 3820 524 3877 quae
540 3806 601 3878 ipse
617 3807 728 3863 novavit
777 3845 962 3863 .....
980 3810 986 3825 ’
997 3842 1231 3868 ......
1268 3807 1305 3861 60

213 3883 216 3887 ’
327 3901 370 3954 24
408 3897 484 3965 Quae
502 3896 644 3952 novaverit
661 3899 714 3966 Ap.
734 3895 885 3970 composita
914 3937 920 3950 .
958 3935 965 3951 .
1000 3930 1012 3953 .
1036 3916 1064 3973 Q
1091 3933 1098 3949 .
1136 3931 1143 3946 ·
1182 3935 1188 3947 .
1226 3936 1232 3948 .
1270 3897 1305 3951 62

289 3988 305 4058 6
328 3989 372 4043 26.
408 3986 452 4042 De
469 3986 596 4042 universo
616 3985 828 4055 compositorum
848 4000 901 4041 usu
918 3980 1144 4057 Apulonhuo.

220 4094 329 4153 Indices
378 4130 967 4153 ..............
986 4124 1014 4177 Ι.
1047 4130 1234 4152 .....
1269 4095 1305 4150 66

288 2906 303 2976 i

288 2995 304 3066 i

287 3086 303 3158 ἓ

287 3176 303 3246 ἓ

288 3266 304 3338 i

288 3447 365 3521 620.
403 3448 433 3520 β)
453 3445 528 3517 apud
543 3449 661 3504 Aratum
689 3485 1232 3505 .............
1269 3448 1303 3501 51

288 3537 365 3608 61
402 3530 740 3608 γ)4ριιίθ6111ωειοίιιιιιι
781 3575 966 3592 .....
1000 3560 1014 3597 ι
1070 3568 1099 3591 -.
1137 3576 1143 3591 .
1181 3575 1188 3590 .
1225 3576 1232 3591 .
1269 3536 1305 3591 54

288 3627 365 3698 622.
339 3625 496 3683 2Verba
509 3616 661 3703 hollonio
687 3626 814 3696 propria,
846 3626 878 3697 α)
897 3640 969 3695 quas
988 3556 1129 3817 *ω
1153 3640 1233 3682 usum

288 3809 304 3879 ἓ

292 3898 308 3968 ἓ

656 4343 863 4359 m
