3054 5010
739 344 776 411 ‘9

224 516 485 606 teodradmadii
506 517 543 588 vi
562 521 762 607 usurpatum
783 539 857 586 esce
880 515 1105 599 adnotaverit,
1129 516 1219 584 haud
1240 516 1308 585 acio

224 657 268 704 an
289 634 317 720 I,
341 634 403 704 791
426 636 448 721 ή
470 636 501 702 δ’
527 635 682 720 ἐγκλιδὸν
704 636 783 702 ὄσσε
812 639 962 720 βαλοῦσα
981 633 986 721 Ι
1005 636 1213 719 ιταρθενικδς
1235 633 1309 720 ἐρύ-

223 760 309 838 θηνε
331 753 496 838 παρηίδας
518 753 554 819 et
576 751 644 836 HI,
661 751 725 819 682
749 751 796 830 ὣς
816 751 921 836 φάτο·
943 759 1001 836 τής
1023 751 1052 816 δ’
1076 750 1223 838 ἐρύθηνε
1245 772 1308 817 τια-

224 871 301 954 ρήια
323 867 578 936 intransitivum
599 867 696 935 illum
717 890 814 935 usum
833 866 877 935 ad
899 867 1027 956 epicum
1049 867 1188 936 verbum
1202 867 1308 956 Apol-

223 984 334 1054 lonius
356 985 595 1071 transtulerit;
620 987 658 1052 at
679 984 742 1067 IV,
757 984 824 1050 474
845 984 992 1052 activam
1015 983 1118 1052 habet
1140 984 1216 1052 vim.

310 1101 477 1169 Futurum
498 1101 618 1169 deinde
640 1101 804 1170 formavit
824 1101 890 1190 Ap.
916 1101 1161 1186 ἀλαλκήσουσιν
1182 1101 1229 1186 ΙΙ,
1244 1102 1308 1168 235

223 1219 266 1286 ab
288 1219 418 1288 aoriato
441 1219 535 1307 epico
557 1221 679 1286 ἄλαλκε
708 1240 917 1307 progressus,
947 1221 988 1286 ut
1017 1218 1110 1286 inter
1133 1241 1170 1286 ae
1192 1218 1307 1286 cohae-

222 1341 335 1404 rentes
358 1335 483 1403 multaa
506 1335 646 1404 videbat
668 1335 809 1420 formae,
833 1357 862 1403 a.
878 1357 929 1424 gr.
946 1338 1055 1422 ἔσχον,
1080 1339 1206 1422 σχήσω;
1231 1338 1307 1421 ήκα-

222 1477 293 1541 χον,
316 1453 477 1540 ἀκαχήσιο.

309 1568 461 1638 Perfecti
483 1568 626 1658 denique
648 1568 791 1637 formam
807 1591 906 1658 quam
927 1568 1070 1658 legimus
1093 1568 1140 1654 11,
1157 1570 1199 1637 53
1221 1577 1307 1656 θῆκε

223 1687 367 1774 κάροιθε
382 1689 497 1756 τοδῶν
512 1689 627 1765 δοιοὺς
642 1685 821 1772 ἑκάτερθεν
837 1686 988 1774 ίμάνταςή
1001 1689 1122 1772 ὠμούς,
1139 1686 1306 1768 ἀζαλέους,

223 1803 298 1891 κίρι
322 1804 350 1871 δ’
376 1805 460 1889 οἵγ’
484 1806 564 1870 ἔσαν
587 1803 779 1889 ἐσκληῶτες,
802 1825 1002 1893 quamquam
1027 1803 1121 1871 nullo
1145 1804 1218 1871 loco
1240 1803 1308 1871 nisi

221 1921 284 1990 hoo
306 1923 431 2004 exstat,
454 1924 569 1989 tamen
591 1923 633 1988 ab
649 1920 832 2009 Apollonio
855 1943 923 1988 uon
944 1924 1104 1989 novatam
1127 1920 1186 1989 sed
1209 1943 1228 1988 e
1249 1941 1306 1988 ve-

222 2044 299 2107 tere
320 2037 464 2127 quodam
486 2041 589 2126 poeta
611 2041 779 2126 sumptam
801 2059 876 2106 esse
891 2037 1100 2123 crediderim,
1123 2059 1208 2126 quae
1230 2040 1307 2105 tan-

222 2161 342 2243 topere
364 2155 584 2244 antiquitatis
601 2154 748 2243 effigiem
762 2176 846 2244 prae
861 2178 897 2223 se
912 2155 1014 2223 ferat.
1061 2155 1162 2222 Cuius
1177 2154 1308 2222 formae

223 2270 348 2339 similes
371 2275 451 2340 sunt
472 2271 669 2340 Homericae
690 2273 851 2356 τεθνηώς,
874 2279 1061 2357 τεθνηῶτες
1083 2275 1118 2339 et
1140 2271 1308 2339 Hesiodea

222 2388 347 2474 ἑστηώς
368 2388 430 2456 rh.
454 2389 528 2473 519,
552 2410 651 2478 quam
673 2390 739 2478 Ap.
763 2389 895 2476 saepius
917 2388 1071 2456 imitatus
1095 2391 1157 2473 eat,
1181 2388 1229 2472 II,
1252 2389 1305 2471 49,

223 2507 304 2592 193,
328 2505 398 2590 ΙΠ,
416 2506 510 2573 1384.
556 2505 715 2574 Eiusdem
736 2508 849 2573 autem
871 2505 967 2574 verbi
988 2506 1138 2572 σκίλλειν
1161 2505 1306 2594 perfecti

219 2621 350 2691 usitato
373 2644 466 2691 more
489 2621 638 2690 derivati
660 2621 803 2690 formam
825 2624 967 2711 praebet
988 2621 1195 2711 Ap.11,201
1218 2626 1305 2710 πίνῳ

219 2739 257 2806 κε’
284 2741 320 2806 oi
346 2739 526 2818 αὐσταλέος
555 2743 643 2826 χρὼς
674 2739 835 2825 ἐσκλήκει,
867 2763 934 2830 qua
964 2763 1039 2809 oum
1068 2739 1305 2809 conferendum

220 2861 274 2926 eat
297 2857 415 2926 Choer.
437 2857 480 2925 fr.
496 2858 561 2925 4Κ
584 2857 764 2944 ἐσκληκότα
786 2858 901 2946 κάκνηι
923 2858 1049 2947 (λαντον
1071 2858 1246 2946 κρότωνα)
1269 2861 1305 2927 et

219 2974 378 3063 Hippoor.
402 2974 433 3060 6,
451 2973 513 3041 196
524 2973 563 3040 L.
589 2973 806 3062 (ίνέσκληκα).

307 3090 380 3158 Iam
402 3091 617 3180 pervenimus
641 3091 685 3160 ad
707 3113 764 3160 eac
787 3091 926 3178 formas,
956 3114 1039 3182 quas
1061 3093 1127 3183 Ap.
1152 3093 1304 3161 Homeri·

220 3230 293 3275 cum
316 3208 503 3297 exemplum
532 3211 667 3277 secutus
698 3209 855 3293 mutavit,
888 3209 968 3297 quia
998 3209 1146 3277 usitatus
1168 3210 1304 3278 illarum

219 3346 299 3392 uaua
323 3327 365 3393 ab
389 3325 484 3413 epioe
506 3325 695 3394 elocutione
718 3325 901 3394 abhorrere
924 3327 955 3393 ei
977 3326 1165 3394 videbatur.
1212 3326 1303 3410 Quas

220 3464 293 3508 cum
324 3440 529 3528 azachius1)
561 3445 718 3510 accurate
748 3443 964 3525 tractaverit,
997 3447 1110 3511 tamen
1141 3443 1304 3511 nonnulla

219 3561 300 3627 sunt
331 3558 493 3627 addenda.
539 3561 725 3627 Verborum
758 3559 879 3640 ἀτίζειν
910 3561 946 3627 et
975 3565 1146 3646 νοσφίζειν
1177 3560 1301 3628 formas

218 3696 293 3742 oum
308 3691 329 3741 σ
344 3675 491 3743 usitatas
506 3674 573 3764 Ap.
587 3693 630 3743 σσ
640 3675 823 3743 instruxit:
847 3675 973 3743 ἀτίσσει
986 3676 1055 3760 IlI,
1072 3676 1154 3762 181;
1178 3677 1206 3761 Ι,
1220 3677 1300 3762 615;

220 3794 445 3878 νοσφίσσομαι
461 3792 523 3876 IV,
541 3793 615 3876 181,
632 3792 728 3858 1108.
770 3791 899 3860 ‘Eodem
915 3795 1030 3860 autem
1044 3792 1141 3860 modo
1161 3793 1301 3876 ἀρόσσαι

217 3907 285 3991 ΠΙ,
308 3909 382 3993 497,
406 3908 551 3995 ἀρόσσῃς
572 3908 640 3994 ΙΠ,
658 3909 743 3976 1053
766 3911 885 3977 contra
902 3909 1041 3978 Hesiodi
1063 3909 1302 3978 auctoritatem

309 4169 335 4237 1)
354 4167 387 4220 A.
406 4165 514 4222 Rzach:
542 4165 758 4223 Grammatieohe
786 4166 899 4224 Studien
927 4185 961 4225 zu
980 4170 1032 4238 Ap.
1050 4168 1103 4223 Rh.
1125 4167 1204 4223 Wien
1224 4170 1300 4223 1878.
