3054 5010
746 413 788 479 39

311 586 434 654 Mirum
454 610 517 676 per
539 607 691 655 errorem
712 585 842 655 factum
864 587 926 670 est,
958 587 1000 654 ut
1021 584 1088 675 Ap.
1113 587 1216 655 verbo
1240 588 1306 653 δει-

225 708 380 791 δίσκομαι
399 704 468 774 vim
489 705 585 773 verbi
599 706 752 790 δείκνυμι
766 703 953 772 tribueret:
977 702 1005 788 I,
1022 702 1086 770 558
1108 703 1305 791 παράκοιτις

224 821 406 889 ἐπωλένιον
450 821 621 910 φορέουσα
643 823 814 907 Πηλιίδην
833 821 963 908 Ἀχιλῆα
993 823 1080 908 φίλῳ
1119 821 1306 889 δειδίσκετο

223 943 331 1025 πατρί.

309 1055 543 1145 Veriloquium
576 1055 718 1145 denique
759 1060 893 1124 secutus
926 1055 993 1144 Ap.
1027 1055 1168 1122 verbum
1202 1072 1306 1121 συνα-

223 1176 344 1258 ρίσσω,
380 1174 469 1264 quod
491 1177 532 1242 ab
554 1174 694 1242 Homeri
720 1174 928 1262 temporibus
952 1172 1147 1241 concidendi
1171 1175 1206 1240 et
1229 1195 1306 1240 oon-

220 1291 392 1379 fringendi
407 1291 476 1360 vim
490 1291 667 1374 habuerat,
684 1290 813 1380 recepit
828 1291 877 1373 II,
894 1291 958 1357 613
973 1296 1104 1377 ’Ἄργος
1119 1292 1306 1375 γόμφοισιν

222 1409 410 1495 συνάρασσε
439 1406 527 1495 (νῆα)
560 1409 595 1474 et
625 1406 691 1491 ΙΙΙ,
716 1407 816 1492 1318,
851 1405 893 1473 cf.
925 1405 1028 1474 ⁶248
1058 1409 1243 1492 γόμφοισιν
1275 1406 1304 1472 δ’

221 1528 286 1610 ἄρα
307 1529 368 1611 τήν
391 1523 504 1609 γεκαὶ
527 1525 726 1612 ἁρμονίῃσιν
748 1525 904 1611 ἄρασσεν.

309 1642 467 1710 Ceterum
499 1641 606 1709 multa
640 1640 762 1709 similia
793 1640 956 1726 invenias,
992 1641 1022 1709 si
1053 1639 1303 1725 commentaria,
1339 1675 1347 1694 ·

221 1781 307 1849 quae
329 1759 370 1827 de
392 1758 567 1850 Apollonii
588 1757 715 1826 Rhodii
746 1758 934 1827 elocutione
965 1757 1102 1847 scripsit
1128 1756 1306 1826 ‘Haaclrius

221 1876 331 1964 (Halis
356 1874 642 1963 1842)per1egas.

306 1993 422 2082 Atque
445 2014 558 2061 omnes
573 1992 609 2059 in
623 1994 741 2082 partes
759 1991 900 2060 similem
916 1992 1145 2081 quaestionem
1168 1992 1305 2080 egregie

219 2109 388 2179 tractavit
410 2109 607 2194 Schmidius,
640 2109 748 2177 Attio.
773 2133 804 2198 p.
823 2110 925 2194 taos,
958 2110 1016 2205 qui
1048 2109 1202 2198 exempla
1234 2109 1304 2178 eius

219 2227 271 2295 rei
305 2229 417 2311 affert,
458 2248 558 2314 quam
591 2226 690 2293 dicit:
738 2226 1302 2314 „Etymologisch·synonymische

219 2344 439 2431 Umdeutung
466 2366 534 2412 von
557 2343 731 2428 Wiirtern,
761 2342 887 2412 welche
919 2347 1078 2430 vermtge
1107 2343 1199 2411 ihrer
1232 2344 1303 2410 Bil-

220 2461 312 2548 dung
334 2460 594 2529 verschiadenen
616 2459 700 2528 Sinn
722 2460 886 2544 zulassen‚
922 2463 1005 2528 aber
1027 2461 1073 2527 im
1095 2460 1304 2529 lrlassischen

220 2577 417 2647 Griechisch
430 2577 492 2646 auf
513 2577 702 2646 bestimmte
718 2576 964 2666 Bedeutungen
978 2580 1147 2667 gewertet
1160 2577 1303 2647 worden

223 2693 330 2762 sind“.

649 3047 803 3117 CAPUT
826 3049 872 3117 Π.

337 3224 506 3310 QUIBUS
529 3225 592 3292 AB
615 3224 856 3293 HOMERICO
880 3225 970 3295 USU
992 3225 1183 3296 ALIENIS

392 3341 686 3432 APOLLONIUS
710 3341 883 3410 VERBIS
906 3341 1021 3412 USUS
1044 3342 1126 3411 SIT.

305 3519 420 3588 Verba
442 3519 483 3586 ab
506 3517 684 3588 Homerico
717 3543 868 3589 sermone
897 3521 1009 3589 aliena
1037 3523 1204 3592 tractanti
1233 3523 1298 3591 sin·
1330 3531 1415 3616 514.

216 3635 298 3724 gula
319 3635 444 3725 ubique
466 3636 529 3704 hoc
551 3637 770 3726 spectandum
792 3641 828 3706 et
851 3639 1107 3708 discernendum
1123 3643 1184 3721 est,
1209 3641 1299 3709 sitne

216 3776 284 3821 vox
321 3753 434 3842 aliqua
474 3776 515 3821 ex
549 3755 672 3822 usitati
709 3756 872 3823 sermonis
910 3757 1007 3844 copia
1043 3779 1087 3824 an
1145 3781 1187 3825 ex
1222 3781 1300 3848 poe·

217 3869 287 3937 tica
312 3868 502 3938 elocutione
535 3875 678 3958 sumpta,
718 3875 821 3959 atque
843 3871 895 3938 sin
916 3871 979 3939 hoo
1012 3873 1064 3940 sin
1096 3873 1190 3957 illud,
1226 3898 1301 3962 pos·

217 3986 360 4054 simusne
399 3986 623 4074 compluribus
667 3988 766 4054 rebus
808 3988 978 4074 congestis
1024 4012 1225 4077 cognoscere
1266 3994 1303 4059 et

216 4099 350 4169 facilius
379 4123 462 4189 quos
479 4101 682 4192 Apollonius
705 4107 825 4192 poetas
848 4107 1000 4172 sectatus
1024 4105 1079 4188 sit,
1104 4108 1139 4173 et
1168 4106 1203 4173 in
1227 4106 1300 4172 uni-

216 4241 360 4303 versum,
383 4218 420 4285 in
441 4218 535 4288 cuius
551 4219 690 4288 dialecti
712 4220 932 4289 fundamento
947 4220 1177 4309 Apolloniana
1191 4222 1300 4289 elocu-

216 4334 266 4402 tio
288 4334 401 4425 posita
424 4335 480 4404 sit.
527 4339 579 4404 Ac
600 4336 744 4425 primum
772 4335 905 4426 quidem
935 4336 1044 4408 multa
1066 4337 1102 4407 in
1123 4337 1300 4428 Apollonii
