3054 5010
739 369 781 436 13

306 547 439 621 κείνους
458 543 495 609 κ’
511 543 670 629 εἰςορόων
697 541 816 628 ἀκέοις,
847 544 988 624 ψεύδοιό
1009 565 1045 608 σε
1067 541 1181 626 θνμόν
1206 535 1303 625 „illas

215 661 351 729 intuens
365 661 607 728 obmutescas.
639 658 854 727 Homericum
866 659 954 728 enim
966 657 1073 726 ἀκέων
1085 655 1303 746 μεήὶοἱμὶοοι

217 800 290 847 esse
313 777 509 846 existimans
532 797 656 844 novam
686 774 781 843 illam
802 775 947 844 formam
969 775 1097 864 fingere
1119 794 1187 840 non
1209 770 1303 838 dubi·

215 895 316 971 tavit,
349 917 416 983 qua
440 894 495 962 via
516 916 558 960 ne
580 893 670 960 ullus
695 892 828 981 quidem
858 895 961 982 poeta
983 915 1058 959 eum
1080 893 1214 958 secutus
1238 891 1301 956 esi.

216 1011 366 1079 Similem
394 1034 457 1100 per
488 1033 638 1079 errorem
659 1009 874 1078 Homericum
903 1008 1053 1076 ἐκέκλετο
1086 1030 1150 1096 pro
1181 1006 1303 1095 imper-

217 1129 307 1197 fecto
352 1128 477 1196 habens
519 1150 679 1216 praesens
722 1126 878 1212 κέκλομαι
920 1126 1063 1195 novavii
1094 1124 1122 1209 Ι,
1145 1123 1219 1207 716,
1253 1122 1302 1206 Π,

219 1245 293 1329 693,
316 1244 384 1328 ΙΠ,
409 1245 482 1329 908,
508 1244 632 1333 quain
655 1267 694 1312 re
715 1243 838 1312 iterum
854 1246 1015 1332 queniam
1037 1241 1098 1309 ille
1119 1240 1207 1330 apud
1229 1263 1304 1329 pos·

220 1361 366 1430 teriones
382 1361 543 1429 habuerit
559 1361 800 1429 auctoritatem
814 1359 962 1449 perspici
975 1361 1101 1448 potest,
1117 1357 1175 1447 qui
1188 1355 1305 1425 eadem

223 1479 333 1545 forma
348 1464 481 1566 saepius
498 1478 550 1545 usi
567 1477 645 1562 sini,
661 1480 702 1546 ui
717 1477 801 1567 Opp.
814 1477 893 1544 Hal.
910 1477 976 1560 III,
991 1475 1077 1563 311,
1093 1474 1195 1563 Orph.
1211 1473 1304 1541 Lith.

222 1596 285 1663 179
299 1595 364 1663 Ab.
410 1594 515 1680 Idem,
539 1595 618 1684 quia
641 1598 762 1682 ἔμμορε
785 1596 840 1681 (Α,
863 1595 928 1662 278
952 1593 1067 1682 aial.)
1092 1590 1213 1674 acrisii
1235 1590 1306 1658 for·

219 1735 307 1781 mam
331 1711 559 1797 existimabat,
582 1712 631 1797 H,
654 1713 676 1778 4
698 1714 735 1780 ei
756 1711 818 1794 IV,
841 1712 885 1777 42
907 1714 1048 1797 ἔμμορες
1070 1708 1185 1798 posuit
1196 1708 1231 1796 1).
1400 1689 1401 1692 Ἴ

307 1829 388 1897 Iure
411 1831 526 1897 eutem
547 1829 622 1896 fieri
637 1829 781 1913 credam,
806 1828 835 1897 si
857 1831 976 1896 contra
998 1827 1059 1895 has
1074 1827 1201 1894 formas
1223 1848 1305 1893 non-

219 1947 336 2015 nullae
366 1949 548 2037 ponuniur,
581 1967 664 2034 quas
698 1948 922 2034 congruentes
946 1967 1020 2013 cum
1044 1944 1220 2012 Homerico
1243 1966 1307 2011 usu

221 2064 401 2152 usurpavit
423 2063 638 2152 Apolloniae,
670 2083 876 2152 quamquem.
893 2083 921 2130 e.
944 2084 997 2148 gr.
1022 2083 1043 2129 a
1064 2060 1207 2149 tragicis
1239 2083 1307 2128 non

223 2184 317 2250 recte
339 2180 512 2248 adhibitae
535 2177 645 2248 erani.
691 2179 898 2247 Luculenier
930 2179 1017 2246 enim
1049 2200 1091 2246 ex
1121 2177 1213 2244 illius
1244 2200 1307 2246 usu

223 2297 376 2386 cognosci
398 2299 513 2385 poiesi
533 2299 618 2365 bene
640 2295 736 2362 illum
751 2296 885 2364 novisse
910 2302 1013 2381 ἴαχον,
1037 2293 1165 2383 (eiures,
1187 2295 1308 2362 ἔκλυον

226 2414 346 2483 coristi
367 2436 506 2482 munere
529 2413 619 2502 apud
640 2412 823 2480 Homerum
844 2413 951 2500 fungi.

309 2531 405 2600 Nihil
436 2534 551 2598 autem
582 2530 668 2598 cerii
699 2529 740 2597 de
772 2528 881 2597 forma
913 2527 1069 2614 ἀηθέσσο
1092 2527 1154 2612 IV,
1179 2527 1220 2594 38
1243 2527 1310 2595 dici

224 2651 350 2738 poiesi.
395 2647 483 2715 Cum
505 2647 592 2715 enim
614 2646 679 2735 Ap.
705 2647 874 2733 ἀήθεσσον
897 2649 932 2710 K
938 2645 1004 2711 493
1026 2667 1090 2733 pro
1110 2643 1308 2733 imperfecto

224 2765 381 2834 habuisse
404 2764 573 2848 videatur,
597 2764 719 2831 mirum
743 2766 797 2832 esi
818 2786 879 2831 cur
902 2763 975 2852 ipse
996 2761 1025 2847 Ι,
1043 2761 1126 2828 1171
1151 2761 1309 2847 dioeces,

224 2905 292 2950 non
315 2882 486 2968 ἀήθεσσον
507 2881 670 2970 posuerit.

234 3026 237 3031 ·
313 2998 441 3083 Quibus
471 2997 590 3066 formis
620 2997 784 3066 tractatis
815 2999 953 3078 restani·
973 2995 1038 3062 duo
1061 2994 1213 3063 ordines:
1244 3016 1309 3060 uno

226 3115 443 3184 eontinentur
458 3136 527 3199 eae,
545 3135 628 3203 ques
644 3114 710 3202 Ap.
724 3137 766 3182 ex
781 3113 876 3202 epica
891 3112 947 3181 vel
962 3111 1096 3201 poetica
1112 3110 1310 3192 eloeuiione

227 3233 348 3317 aliero,
382 3253 464 3321 quas
488 3254 530 3300 ex
551 3231 681 3300 usitato
705 3252 856 3298 sermone
887 3229 1026 3317 recepit.
1071 3229 1201 3296 Prioris
1232 3232 1312 3296 suni

229 3349 308 3418 hac:

229 3465 350 3535 acrisii
381 3467 575 3535 verborum:
611 3464 761 3550 ἀλεγύνω
793 3463 931 3552 Emped.
965 3462 1009 3532 fr.
1036 3463 1162 3548 137D;
1195 3462 1223 3544 Ι,
1248 3462 1314 3529 394

316 3585 352 3652 ei
373 3583 417 3650 al.
736 3585 737 3588 ’

287 3759 288 3762 ,
316 3703 459 3789 λιιχιιίνο
481 3699 549 3783 ΙΙΙ,
573 3699 655 3780 2223
678 3697 860 3786 Lycophro
884 3697 958 3766 624.

315 3817 493 3902 μοιράομοιι
515 3815 576 3899 IV,
603 3815 704 3900 1533,
729 3814 850 3884 Aesch.
876 3813 969 3902 Sept.
993 3814 1074 3899 889,

90 3921 101 3928 ν
230 3933 425 4022 praesentia
446 3934 644 4002 verborum:
670 3933 786 4018 ὀχλίζοι
810 3931 838 4016 Ι,
861 3930 943 4016 402,
967 3932 1130 4016 σερσαίνω
1152 3928 1214 4012 IV,
1228 3929 1312 4015 607,

231 4049 414 4139 Lycophro
431 4050 512 4136 390,
536 4048 726 4139 perfecium
741 4049 920 4135 μεμαρπώς
934 4046 1015 4114 Hes.
1033 4070 1085 4134 op.
1102 4046 1183 4132 204;
1207 4047 1314 4116 verba

229 4199 436 4212 m

223 4325 225 4329 ¹
319 4305 350 4377 ,1)
368 4301 463 4374 Rauola
481 4302 500 4359 l.
518 4301 536 4358 Ι
557 4318 586 4374 p.
606 4303 754 4358 128-130.
