3054 5010
807 321 850 390 30

284 489 505 582 s'eriptoribus
521 495 655 581 collata,
673 497 865 585 quibuscum
876 496 1105 586 Apolloniana
1120 502 1365 587 comparentur,

283 633 351 678 non
379 610 495 680 habeo.
546 613 621 698 Qua
651 613 692 681 de
721 636 759 682 re
791 614 979 683 Schmidius
1008 613 1032 682 l.
1055 615 1079 682 1.
1102 639 1135 703 p.
1158 616 1218 683 97:
1261 616 1367 703 ,Sehr

283 726 473 797 verbreitet
493 729 542 798 iat
562 729 617 798 bei
638 729 872 800 Philostratus
895 731 949 799 die
971 731 1153 820 poetisuhe,
1177 735 1259 801 aber
1282 733 1367 802 auch

283 844 344 913 der
366 851 463 932 κοινή
484 845 580 915 nieht
608 847 736 916 fremde
759 847 859 933 Sitte,
890 871 934 916 an
957 849 1082 934 Verba,
1112 849 1212 918 meist
1243 850 1364 935 solohe,

283 962 337 1030 die
367 963 430 1031 mit
459 963 580 1053 Praep.
612 968 941 1054 zusammengesetzt
977 965 1061 1050 sind,
1104 965 1248 1035 Nomina
1281 968 1365 1034 ohne

281 1078 404 1168 Preep.
426 1080 472 1147 im
494 1081 612 1149 reinen
634 1082 748 1149 Kasue
772 1081 1007 1171 anzuhingen3
1031 1082 1073 1151 ef.
1096 1107 1129 1172 p.
1153 1084 1226 1168 714,
1249 1084 1312 1169 2η.

369 1197 418 1265 Ut
448 1197 611 1266 nonnuila
641 1200 746 1268 verba
776 1198 938 1284 dativum,
972 1199 1025 1268 ita
1056 1199 1124 1268 ulia
1154 1200 1288 1288 poetica
1311 1199 1365 1270 vel

282 1313 377 1402 epiea
397 1314 603 1402 genetivum,
633 1339 698 1404 quo
722 1319 886 1398 carebant
905 1315 1026 1405 primo,
1057 1316 1123 1385 sibi
1144 1317 1363 1405 coniungunt,

281 1434 322 1498 ut
344 1436 529 1517 λελιησθαι,
559 1431 720 1520 ἐρητύειν,
752 1433 972 1520 ἐπορέγεσθαι
983 1433 1024 1521 ²);
1058 1434 1127 1502 alia
1149 1434 1272 1502 usitati
1295 1457 1364 1503 ser·

280 1547 388 1616 monis
417 1548 593 1638 analogiae
620 1550 657 1618 vi
683 1552 861 1618 structura
892 1572 991 1639 quam
1019 1549 1210 1620 habuerant
1241 1551 1365 1621 amissa

281 1686 355 1732 eum
376 1666 536 1752 genetivo
560 1669 816 1752 construuntur,
840 1667 937 1735 velut

281 1784 342 1849 οὐκ
365 1783 533 1870 ἀθερίζειν
556 1784 681 1871 (Hom.:
706 1783 787 1871 aec.)
809 1785 838 1869 I,
863 1785 927 1851 123
949 1784 1000 1852 al:
1024 1783 1185 1871 (ἀμελεῖν)

282 1898 435 1985 ἀρχεύειν
458 1900 583 1988 (Hom.:
608 1900 691 1986 dat.)
714 1902 743 1986 I,
767 1902 830 1968 347
1021 1901 1161 1988 (ἄρχειν)

281 2019 461 2102 μεμαρπώς
483 2017 610 2105 (Hom.:
634 2017 714 2106 aee.)
737 2019 855 2086 erebro
1022 2017 1145 2106 (ψαύω)

282 2133 424 2220 ῥύεσθαι
447 2135 575 2220 (Hom.:
591 2134 852 2223 aueo.gen.)11‚
868 2135 933 2202 218
948 2135 992 2202 ai.
1008 2135 1125 2223 (λύειν,
1138 2133 1364 2223 ἀκαλύσσειν).

366 2251 521 2340 Denique
535 2251 590 2320 hie
603 2252 766 2320 nonnulla
782 2253 914 2321 obviam
929 2253 1072 2321 veniunt
1085 2254 1199 2336 verba,
1223 2274 1365 2340 quorum

280 2372 543 2438 structurarum
557 2370 689 2439 usitata
711 2370 886 2459 congruit:
910 2372 1057 2454 ἄγασθαι
1073 2370 1144 2458 (H.:
1161 2370 1251 2456 ace),
1275 2371 1363 2436 εἰσα-

280 2489 395 2553 κούειν
418 2486 491 2575 (H.:
513 2487 594 2555 intr.
619 2487 729 2575 Θ97),
752 2499 869 2575 κυρεῖν
891 2486 965 2576 (H.:
988 2485 1058 2556 dat.
1076 2485 1151 2574 ἐπί),
1176 2492 1293 2573 λωφᾶν
1314 2485 1361 2567 Π,

280 2601 354 2688 649,
377 2604 443 2689 ΠΙ,
468 2606 533 2672 784
555 2604 628 2694 (H.:
650 2610 851 2691 καταλαφᾶν
874 2627 900 2673 a
914 2626 1001 2693 gen,
1026 2631 1038 2670 ι
1057 2605 1135 2691 459)
1170 2627 1244 2672 eum
1264 2625 1363 2692 gene·

279 2722 353 2789 tivo
384 2723 502 2790 erebro
534 2721 762 2806 inveniuntur,
800 2721 890 2789 haud
927 2721 1029 2790 aliter
1059 2743 1098 2790 ae
1127 2721 1364 2788 πυνθάνεσθαι

279 2838 364 2924 ύιιέρ
388 2861 414 2906 e.
438 2861 524 2927 gen,
554 2838 617 2923 IV,
642 2839 717 2924 531,
748 2838 805 2906 ubi
833 2837 917 2919 ύαέρ
946 2861 1008 2926 pro
1038 2838 1175 2926 vulgari
1204 2841 1283 2925 περί
1302 2839 1364 2906 aut

279 2953 384 3023 habet
413 2954 600 3043 exemplum
630 2955 845 3024 Homericum
868 2960 896 3020 Z
918 2955 983 3023 524
1012 2956 1097 3042 ὑπὲρ
1128 2953 1231 3024 σέθεν
1260 2959 1362 3041 αἴσχε’

282 3073 393 3139 ἀκούω
424 3075 485 3139 aut
508 3095 546 3140 eo
569 3073 729 3161 pertinet,
763 3095 827 3161 qno
851 3094 879 3140 e.
902 3094 953 3160 gr.
977 3095 1057 3140 usus
1080 3071 1290 3160 Polybianus
1312 3093 1363 3139 re·

276 3189 441 3258 ferendus
464 3192 527 3270 est,
551 3189 640 3278 quod
661 3189 724 3258 illa
739 3193 854 3259 aetate
869 3191 949 3275 περί
962 3192 998 3257 et
1012 3187 1097 3275 ύιιέρ
1112 3211 1250 3277 prorsus
1273 3187 1364 3256 inter

282 3329 317 3374 se
348 3307 609 3395 permiscentur;
645 3328 711 3395 qua
744 3306 786 3375 de
814 3329 850 3375 re
881 3305 1075 3376 Kaelkerua
1118 3305 1191 3394 egit
1225 3293 1379 3393 (Lngr.'
1464 3345 1467 3355 ·

281 3422 353 3492 Sed.
378 3425 444 3509 III,
467 3448 498 3514 p.
522 3424 657 3511 reuss.)
1066 3433 1069 3436 ”

167 3549 283 3636 fill.⁴
367 3541 499 3610 Deinde
539 3542 569 3609 si
603 3543 647 3610 ad
679 3541 908 3611 aecusativum
940 3539 1222 3629 transgredimur,
1261 3539 1364 3607 etiam

279 3659 389 3728 maior
411 3682 570 3727 numerus
593 3663 647 3727 est
668 3660 812 3744 illorum,
837 3681 922 3748 quae
944 3680 1144 3748 quamquam
1158 3659 1200 3726 ab
1216 3658 1363 3725 Homero

281 3777 370 3846 nude
404 3781 485 3846 sunt
516 3777 642 3865 posita,
688 3777 794 3844 omnis
829 3776 919 3844 modi
953 3776 1120 3845 obiectum
1162 3773 1363 3858 adsciscunt,

375 3961 403 4030 1)
423 3958 571 4025 ὀιιίζεσθαι
590 3959 622 4012 L.
636 3957 709 4014 falsa
726 3958 957 4028 interpretatione
974 3957 1050 4015 nisus
1068 3959 1122 4013 huc
1139 3955 1240 4026 refert3
1258 3955 1293 4026 11,
1313 3958 1363 4010 181

282 4061 316 4117 ού
336 4061 361 4116 δ’
381 4059 464 4116 ὅσσον
490 4059 602 4126 ὀπίζετο
630 4059 679 4114 καὶ
703 4059 773 4122 Διὸς
797 4059 885 4115 αύτοῦ
909 4061 1010 4130 χρείων
1034 4055 1170 4128 ἀτρεκέως
1196 4054 1273 4126 septe
1296 4053 1365 4111 κύον

287 4164 484 4232 ἀνθρώποισιν
503 4187 537 4210 =
556 4162 608 4240 ούιι
626 4161 755 4234 ᾐσχύνθη
781 4159 849 4217 oeae
873 4160 924 4217 τὸν
942 4161 1012 4224 Διὸς
1029 4169 1100 4218 νοῦν
1116 4166 1176 4224 τοῖς
1200 4157 1366 4227 ἀνθρώποις

282 4267 462 4340 χρησμῳδῶν.
