3054 5010
215 701 462 768 cognoscemus,
477 679 513 747 in
527 677 703 766 Apollonii
718 676 870 746 versibus
884 674 1122 759 inveniuntur;
1136 672 1300 742 nonnulle

214 795 542 885 iambographorum,
566 794 841 883 quippequorum
863 815 970 860 sermo
993 812 1097 879 prope
1113 789 1157 857 ad
1172 789 1301 879 epicum

215 912 370 983 accedat:
402 910 601 980 Archilochi
629 911 734 979 verba
763 909 805 976 fr.
830 910 872 976 78
894 909 1023 975 πολλὸν
1046 905 1082 973 dt
1105 909 1213 975 πίνον
1246 906 1301 974 καλ

215 1032 414 1116 χαλίκρητον
443 1027 533 1112 μέθυ
562 1025 738 1115 Apollonii
765 1024 957 1092 imitatione
988 1023 1155 1110 effingunt
1184 1022 1212 1107 Ι,
1235 1023 1301 1090 473

217 1157 293 1212 πῖνε
322 1148 522 1232 χαλίκρητον
552 1145 656 1226 λαρὸν
687 1141 791 1227 addo,
826 1143 931 1228 abque
961 1139 1005 1208 ad
1036 1139 1085 1222 H,
1110 1140 1173 1206 127
1204 1139 1299 1206 πολλ’

216 1262 534 1348 ἐπιπαμφαλόωντες
567 1257 669 1327 schol.
701 1259 778 1326 Par.
811 1255 1056 1325 animadvertit
1085 1255 1240 1342 κέχρηται
1260 1265 1302 1344 πῇ

216 1377 301 1457 λέξει
323 1375 378 1443 καὶ
401 1373 561 1453 Ἱππῶναξ
584 1373 639 1440 καὶ
664 1371 869 1458 Ἀνακρέων.

304 1491 462 1561 Ceterum
483 1490 570 1559 talia
592 1490 755 1574 invenire,
779 1509 864 1577 quae
887 1511 929 1556 ex
951 1487 1137 1575 lyricorum
1152 1487 1209 1556 vel
1230 1490 1302 1558 tra·

216 1610 367 1698 gicorum
382 1609 493 1676 verbis
510 1609 644 1696 sumpta
659 1629 733 1674 esse
754 1629 817 1694 pro
834 1608 928 1673 certo
951 1605 1160 1693 comprobari
1175 1607 1300 1694 potest,

216 1725 355 1794 difficile
371 1729 433 1807 est,
450 1725 529 1814 quia
543 1725 608 1792 etsi
621 1723 793 1813 permulta
807 1723 929 1790 similia
943 1722 1172 1811 reperiuntur,
1188 1725 1302 1790 tamen

217 1847 278 1913 aut
299 1845 479 1932 poetarum
513 1841 674 1910 sermonis
706 1840 925 1927 communia1)
948 1839 1054 1908 fuisse
1086 1838 1303 1908 statuendum

142 2037 145 2044 ,
218 1964 283 2044 est,
306 1962 367 2026 aut
388 1981 456 2027 una
479 1981 521 2027 ex
544 1958 674 2046 origine
697 1959 774 2025 orta
796 1979 869 2025 esse
892 1956 974 2045 quin
995 1955 1168 2025 credamus
1190 1955 1303 2025 facere

216 2099 284 2145 non
304 2097 492 2164 possumus.
536 2075 623 2142 Rem
645 2074 734 2142 enim
754 2074 807 2141 ite
836 2095 872 2141 se
902 2072 1028 2140 habere
1049 2073 1086 2140 in
1108 2095 1190 2142 voce
1211 2077 1303 2158 περί-

218 2195 342 2280 δρομος
374 2215 436 2281 pro
470 2194 564 2260 certo
607 2212 742 2274 sumam,
783 2213 870 2280 quae
902 2190 1018 2260 eadem
1057 2191 1303 2278 significatione

216 2309 354 2398 passiva
376 2348 419 2357 -
441 2307 547 2376 habet
578 2307 666 2375 enim
698 2308 802 2395 alias,
839 2308 881 2377 of.
904 2315 937 2375 E
956 2305 1030 2392 726,
1055 2308 1135 2394 7283
1170 2307 1301 2395 138123

218 2425 368 2513 Theogn.
391 2426 455 2492 581
516 2463 530 2474 ·
561 2424 681 2493 induta
712 2428 826 2494 exstat
860 2426 940 2494 Eur.
972 2425 1015 2492 fr.
1049 2423 1179 2494 1083N
1208 2427 1304 2510 κοίλη

218 2545 281 2628 γὰρ
314 2545 406 2626 ὄρεσι
438 2544 640 2629 περίδρομος
671 2545 805 2629 τραχεῖά
827 2567 862 2610 τε
894 2542 952 2631 (so.
975 2541 1065 2630 γαῖα)
1088 2544 1125 2610 et
1145 2540 1212 2630 Ap.
1235 2539 1302 2624 ΙΠ,

218 2658 304 2726 1085
326 2660 528 2745 περίδρομος
550 2661 664 2745 οὔρεσι
687 2672 774 2744 γαῖα.

306 2775 434 2859 Quibus
466 2775 626 2864 exemplis
658 2776 825 2863 congestis
848 2779 931 2863 quot
961 2779 1080 2864 poetas
1102 2774 1304 2864 Apollonius

217 2892 371 2959 imitatus
395 2892 451 2976 sit,
483 2892 546 2959 hoo
569 2895 631 2975 est,
664 2896 746 2980 quot
769 2891 812 2960 ad
834 2895 954 2980 poetas
978 2892 1091 2961 studia
1113 2891 1205 2960 illius
1227 2915 1303 2982 per·

218 3009 396 3093 tinueriut,
427 3008 580 3096 cognosci
608 3011 732 3098 potest.
779 3009 905 3077 Tamen
922 3009 1059 3077 'etiamsi
1081 3009 1182 3098 plura
1205 3031 1304 3097 quarn

217 3148 278 3193 nos
300 3125 442 3212 legimus
465 3125 659 3212 fragmenta
687 3148 827 3215 poeseos
850 3125 1003 3196 Graecae
1024 3126 1158 3195 tradita
1179 3133 1302 3210 essent,

217 3264 396 3331 numquam
412 3242 475 3310 hae
488 3242 545 3310 via
560 3242 647 3310 illud
669 3243 887 3326 efficeremus,
910 3242 946 3310 id
969 3242 1057 3330 quod
1080 3246 1134 3311 est
1156 3243 1302 3312 efficien-

219 3359 297 3427 dum
328 3359 370 3426 de
401 3358 590 3427 elocutione
612 3363 734 3446 poetae
757 3359 897 3428 alicuius
921 3360 1006 3448 epici
1037 3359 1228 3445 disserenti,
1261 3363 1304 3431 ut

218 3476 533 3559 demonstraremus,
558 3477 722 3565 quomodo
737 3476 809 3565 ipse
825 3479 927 3565 poeta
942 3477 1069 3565 epicam
1090 3476 1186 3544 illam
1207 3476 1303 3546 here-

219 3591 328 3659 ditate
362 3595 534 3681 acceptam
556 3591 777 3662 elocutionem
803 3594 1072 3679 commutaverit,
1110 3594 1301 3679 novaverit,

218 3708 392 3777 ditaverit.
439 3709 645 3796 Quicumque
677 3710 765 3776 enim
797 3733 932 3798 operam
954 3709 1015 3778 dat
1038 3714 1078 3778 ut
1100 3714 1239 3780 vetusta
1266 3715 1303 3780 et

219 3823 330 3892 aliena
359 3846 380 3891 a
410 3825 579 3893 cotidiano
617 3847 769 3894 sermone
808 3826 997 3895 elocutione
1031 3826 1067 3894 in
1097 3827 1300 3896 carminibus

220 3941 402 4015 scribendis
435 3944 565 4028 utatur,
605 3943 717 4012 facere
753 3966 820 4011 non
856 3946 981 4033 potest,
1023 3944 1104 4032 quin
1136 3944 1301 4014 traditam

220 4108 427 4120 ———

310 4211 337 4282 l)
357 4227 380 4266 e.
398 4227 439 4280 gr.
458 4228 511 4267 vox
530 4213 680 4275 καλλίονος
697 4213 766 4268 Eur.
779 4213 838 4268 Alc.
850 4216 911 4283 589,
931 4213 1004 4269 Med
1023 4215 1091 4284 835;
1108 4215 1161 4283 Ap.
1180 4214 1301 4284 L12283

220 4312 328 4368 minime
353 4312 425 4368 enim
449 4313 610 4370 imitationis
638 4314 756 4384 speciem
783 4330 852 4384 prae
879 4330 909 4372 se
938 4313 1001 4371 fert.
1039 4313 1100 4383 Qua
1117 4313 1152 4371 de
1169 4330 1202 4373 re
1219 4315 1301 4386 plura

219 4412 293 4469 infre
310 4430 340 4484 p.
357 4415 424 4469 48⁸.
