3054 5010
736 394 778 461 22

256 563 260 575 '
287 560 496 659 'singulares
520 561 632 640 autem
646 567 888 658 Apolloniique
910 559 1181 658 propriae'sunt'
1195 564 1297 659 medii

210 688 340 757 formae
363 688 443 755 hae:
605 682 607 687 ’
653 680 658 686 ”
1249 679 1252 686 ’
1287 734 1289 740 s

101 802 116 858 ·'
155 803 158 809 ’
297 802 324 886 Ι,
349 804 413 872 369
436 803 476 870 ἵν’
503 799 541 872 εὖ
564 803 753 888 ἀραροίατοΙ
766 805 910 889 γόμφοις
932 797 1196 887 (δούρατα),ἀοὶ
1218 800 1296 884 εἰρα-

211 923 324 1005 ροίατο
357 920 506 1008 positum
538 922 592 987 est
625 918 741 986 eadem
772 918 912 986 notione
946 921 1048 1006 atquo
1082 917 1296 985 Homericum

210 1039 347 1121 ἤραρον,
384 1058 468 1124 quae
490 1035 600 1103 forma
630 1058 703 1102 cnm
734 1035 932 1125 plerumque
954 1034 1192 1117 transitivum,
1221 1035 1295 1100 tum

209 1152 326 1235 δ777,
358 1153 406 1236 H,
430 1152 495 1218 214
525 1152 783 1220 intransitivum
813 1153 917 1218 habet
948 1172 1091 1234 sensum,
1124 1171 1210 1237 quae
1239 1171 1294 1217 res

208 1268 426 1358 Apollonium
449 1268 578 1355 fugisse
602 1269 748 1336 videtur.
794 1268 896 1336 (luins
920 1266 1016 1336 verbi
1032 1267 1143 1334 forma
1159 1267 1295 1353 ἠρήρειν

208 1385 270 1470 IV,
280 1385 344 1452 947
355 1385 462 1452 tertia
472 1407 619 1474 persona
629 1384 774 1474 pluralis
788 1387 850 1467 est,
863 1386 903 1451 ut
915 1383 961 1468 ΙΙ,
970 1383 1012 1450 65
1025 1382 1128 1471 ᾔδειν,
1140 1382 1201 1466 IV,
1209 1382 1295 1448 1700

208 1503 341 1587 ἠείδειν.
376 1501 452 1584 Qua
466 1505 581 1569 autem
597 1502 652 1568 via
667 1501 733 1590 Ap.
751 1501 794 1568 ad
808 1501 869 1569 has
885 1501 1012 1568 formas
1027 1499 1200 1568 novandas
1215 1523 1290 1588 pro·

208 1641 344 1707 gressus
368 1619 424 1704 sit,
455 1619 586 1704 nescio;
619 1619 736 1707 quales
761 1618 855 1685 nullo
877 1618 1134 1705 inscriptionum
1157 1616 1212 1685 vel
1233 1621 1292 1706 pass

207 1759 371 1827 pyrorum
394 1736 589 1804 testimonio
620 1737 716 1804 nobis
752 1734 903 1802 traditae
936 1737 1025 1819 sunt,
1060 1756 1167 1823 neque
1189 1734 1295 1802 ullam

207 1853 244 1921 in
259 1853 399 1921 Homeri
421 1852 623 1920 carminibus
646 1852 837 1940 analogiam
860 1852 995 1920 habent.
1040 1850 1116 1918 Nisi
1137 1850 1201 1919 hoc
1222 1853 1293 1920 eress

208 1969 335 2038 dideris
357 1969 577 2058 Apollonium
602 1969 701 2037 velut
730 1968 924 2056 imperfecti
945 1968 1087 2056 primam
1111 1967 1294 2056 singularis

208 2091 244 2155 et
266 2086 407 2154 tertiam
436 2085 580 2174 pluralis
614 2107 714 2174 pares
745 2108 820 2153 esse
843 2084 980 2168 viderit,
1012 2085 1060 2152 sio
1092 2085 1190 2153 verbi
1219 2081 1295 2151 οἶδα

207 2203 399 2293 imperfecti
414 2203 555 2271 tertiam
569 2203 713 2292 pluralis
731 2201 860 2291 primae
876 2201 1057 2290 singularis
1071 2201 1166 2289 ᾔδειν
1178 2224 1294 2290 parem

207 2319 405 2388 reddidisse.
451 2319 601 2388 Similem
631 2343 704 2387 rem
731 2320 767 2386 in
796 2318 941 2386 dialecto
974 2318 1139 2408 Delphica
1168 2317 1295 2387 factam

208 2447 280 2505 esse
303 2436 418 2504 docuit
433 2436 578 2505 Valaori
589 2436 621 2523 ¹),
646 2436 704 2503 ubi
726 2435 834 2503 tertia
856 2435 998 2524 pluralis
1023 2435 1172 2524 optativi
1194 2458 1295 2524 saepe

206 2555 243 2622 in
274 2579 340 2621 -oso
372 2553 507 2621 desinit.
552 2554 602 2621 Ut
629 2553 738 2640 igitur
768 2578 819 2630 οις
851 2578 884 2619 οι
915 2576 1009 2638 οιμεν
1041 2577 1108 2619 οιτε
1140 2577 1208 2621 -οιν
1245 2553 1297 2620 sio.

207 2695 254 2750 εις
276 2695 306 2736 ει
329 2694 508 2755 separasse
531 2694 595 2736 -ειν
618 2669 711 2737 inter
734 2692 769 2737 se
793 2670 981 2736 cohaerent.

158 2828 165 2844 ·
294 2785 452 2874 Singulas
483 2788 524 2852 ab
551 2785 738 2852 Homericis
768 2785 965 2854 recedentes
996 2785 1124 2852 formas
1156 2784 1186 2852 si
1214 2807 1291 2874 per·

207 2907 408 2988 scrutamur,
427 2924 508 2990 quas
522 2901 653 2968 omnino
666 2900 835 2970 Rzachius
852 2901 919 2969 iam
934 2903 1114 2987 tractavit,
1131 2903 1292 2992 exemplis

207 3020 303 3109 quasi
317 3019 457 3086 delectis
473 3020 629 3106 cognosci
644 3021 769 3106 potest,
794 3041 879 3108 quae
894 3019 985 3087 inter
1001 3019 1140 3087 Homeri
1162 3042 1292 3086 eorum-

207 3160 281 3226 que,
313 3137 468 3225 quicum
491 3138 679 3216 sectantur,
712 3135 937 3204 elocutionem
967 3136 1058 3204 ratio
1090 3136 1290 3205 intercedat.

205 3254 258 3321 Ac
291 3254 434 3341 primum
466 3252 599 3340 quidem
627 3252 740 3341 epioae
771 3253 972 3322 elocutionis
1003 3253 1212 3322 auctoritate
1234 3254 1293 3321 ad-

207 3370 348 3438 strictus
380 3369 545 3436 formavit
568 3367 781 3456 Apollonius,
813 3369 998 3437 Homerum
1029 3370 1191 3444 imitando
1223 3370 1292 3438 Ho-

204 3510 335 3556 merum
367 3486 541 3571 exoedens,
575 3488 704 3552 ἔλειπτο
737 3486 766 3570 Ι,
789 3488 841 3571 45,
865 3486 940 3570 824,
964 3485 1025 3570 IV,
1051 3487 1137 3554 1244
1167 3485 1293 3575 (ἔδεκτο

206 3605 316 3690 Hom.)
340 3605 376 3670 et
390 3601 519 3689 recepit
535 3624 577 3668 ex
600 3600 846 3669 recentioribus
862 3601 993 3689 poetis:
1018 3604 1131 3685 ἔγεντο
1146 3602 1175 3686 Ι,
1189 3603 1290 3691 1141;

204 3721 267 3802 IV,
292 3719 377 3786 1427
400 3718 492 3807 (Hes.
517 3717 566 3784 th.
591 3717 664 3798 199,
689 3717 782 3804 705),
819 3717 941 3802 ἑστηώς
972 3719 1092 3784 crebro
1126 3717 1217 3801 (Hes.
1240 3719 1289 3786 th.

205 3837 299 3924 519);
339 3838 523 3920 δεδαῆσθαι
556 3834 602 3918 Π,
628 3834 713 3900 1154
747 3833 791 3920 (h.
822 3835 923 3900 Mero.
957 3834 1021 3900 483
1056 3833 1290 3922 δεδαημένος),

205 3958 358 4036 ζείουσαν
387 3953 415 4036 Ι,
439 3953 504 4018 734
526 3949 633 4039 (Call.¹
650 3951 719 4034 ΠΙ,
736 3951 779 4017 60
801 3950 955 4037 ζείοντα),
988 3950 1197 4037 μεμορμένον
1225 3951 1289 4038 IV,

203 4070 288 4137 1131
306 4069 491 4156 (Ly0.430;
514 4071 634 4156 postea
648 4066 757 4135 forma
774 4070 851 4134 erat
869 4065 1050 4154 vulgaris);
1068 4067 1188 4137 deinde
1209 4069 1292 4139 ooti·

295 4322 323 4395 1)
341 4321 399 4378 Der
417 4320 584 4391 Delphisohe
601 4318 724 4390 Dialekt,
744 4319 812 4374 1901
817 4333 873 4389 ,μ
891 4320 935 4376 64.
1062 4394 1072 4399 .‚
