3054 5010
728 380 770 445 38

205 553 281 622 fata
309 553 447 640 eligant,
481 552 743 642 praeferamus“.
795 552 935 620 ParIter
966 551 1049 619 haec
1079 575 1145 620 vox
1175 552 1291 640 posita

206 672 260 737 est
275 671 306 736 h.
324 671 423 736 Mero.
437 669 501 735 474
524 667 576 735 ool
590 669 618 734 δ’
633 669 836 755 αὐτάγρετόν
859 669 928 734 ἐστι
952 670 1112 754 δαήμεναι
1136 671 1172 737 et
1199 669 1289 758 apud

206 787 424 876 Apollonium
445 785 555 874 ipsum
577 785 623 869 ΙΙ,
648 785 721 852 323.
773 784 876 874 Apud
899 785 1083 852 Homerum
1106 785 1170 854 hoe
1195 809 1294 854 voca-

210 906 326 974 bulum
355 905 446 971 inter
475 904 624 990 vestigia
654 903 800 971 aeolicae
830 902 968 971 dialecti
995 903 1209 972 referendum
1231 908 1295 990 est,

209 1045 283 1089 cum
305 1020 438 1088 Aeolici
466 1023 656 1108 proverbe
687 1021 786 1107 αἱρέοι
817 1042 948 1108 semper
978 1020 1096 1107 άμρέω,
1127 1043 1231 1109 eaque
1255 1020 1296 1089 de

208 1160 310 1206 causa
331 1161 394 1226 pro
417 1137 568 1223 αἱρέομαι
591 1139 736 1222 άμρημαι
763 1137 1006 1225 usurpaverint
1014 1159 1022 1222 3
1052 1159 1080 1205 e.
1104 1160 1156 1224 gr.
1181 1137 1295 1226 (0011.-

206 1255 324 1323 Becht.
354 1254 431 1340 214)
462 1253 581 1321 Solms.
605 1253 714 1320 Inser.
740 1251 801 1319 Gr.
826 1277 857 1342 p.
883 1253 935 1332 11,
958 1253 1000 1320 33
1034 1257 1068 1320 οἰ
1095 1253 1294 1340 άμρόθεντες

208 1374 329 1457 ἄνδρες
352 1371 518 1457 φέροντον
541 1369 595 1436 iul
618 1372 677 1436 τὸν
700 1371 815 1455 δᾶμον.

296 1490 464 1574 δημόθενε
487 1487 515 1570 Ι,
539 1489 559 1552 7
584 1485 710 1573 ἀνέρος,
735 1487 833 1553 ὅντιν’
861 1488 966 1554 ἴδοιτο
986 1487 991 1575 l
1011 1489 1162 1573 δημόθεν
1185 1488 1293 1556 οόοιτέ-

209 1606 304 1671 διλον
336 1606 372 1671 et
394 1628 412 1669 τ
435 1603 497 1669 197
529 1605 678 1689 δημόθεν
708 1604 831 1689 ἄλφιτα
861 1606 951 1670 βῶκα
984 1605 1014 1670 si
1045 1605 1210 1691 conferes,
1241 1605 1297 1674 hio

208 1743 339 1811 quoque
362 1720 505 1787 similem
527 1721 810 1808 permutationem
833 1720 996 1790 invenies.

294 1838 357 1922 IV,
375 1839 437 1905 153
467 1849 555 1923 κῦμα
586 1837 690 1923 μέλαν
719 1841 836 1924 κωφόν
866 1863 900 1905 τε
928 1837 983 1905 καλ
1014 1841 1173 1926 ἄβρομον.
1218 1839 1296 1909 Non

209 1954 359 2022 dubitari
372 1957 496 2043 potest,
521 1954 603 2043 quin
623 1976 685 2043 pro
702 1956 874 2041 ἄβρομον,
900 1955 961 2021 οὐκ
984 1958 1061 2043 ἕχον
1082 1959 1211 2042 βρόμον
1234 1956 1297 2025 hoc

207 2072 281 2139 loco
305 2071 498 2160 accipienda
522 2071 569 2139 sit
590 2071 673 2138 haec
703 2095 779 2158 vox,
810 2071 898 2139 uude
931 2073 1094 2160 sequitur,
1126 2075 1167 2141 ut
1188 2073 1295 2163 Apol-

208 2188 334 2255 lonium
357 2193 396 2254 N
412 2189 454 2255 41
478 2191 604 2274 ἄμοτον
635 2201 804 2274 μεμαῶτες
835 2188 954 2256 ἕποντο
987 2192 1129 2276 ἄβρομοι
1163 2192 1295 2277 αόίαχοι

209 2305 348 2372 eandem
368 2306 405 2372 in
426 2308 560 2394 partem
582 2305 763 2393 sumpsisse
787 2304 960 2373 credamus
973 2306 1006 2394 ¹).

295 2422 358 2504 IV,
370 2422 455 2488 1395
479 2422 519 2488 οὐ
543 2422 570 2488 d'
596 2422 762 2507 ἐμάτησαν
785 2425 984 2507 πλαζόμενοι
1011 2444 1136 2512 „neque
1159 2423 1297 2493 frustra

208 2539 327 2627 vagati
350 2541 461 2607 sunt“.
507 2537 574 2606 Sed
605 2562 678 2607 eum
706 2544 743 2605 Ψ
760 2539 825 2606 510
857 2538 936 2607 οὐδὲ
969 2541 1115 2626 μάτησεν
1149 2543 1306 2628 ἴφθιμος,
1371 2599 1373 2603 ,

209 2656 390 2741 Σθένελος,
415 2656 485 2722 ἀλλ’
510 2655 700 2741 ἐσσυμένως
715 2657 790 2742 λάβ’
810 2659 936 2722 ἄεθλον
961 2657 1129 2744 significet
1150 2658 1296 2744 μάτησεν

209 2773 298 2840 idem
332 2795 371 2840 ac
405 2776 583 2840 cunctatus
614 2777 677 2856 est,
716 2772 935 2860 Apollonium
964 2773 1171 2842 anctoritate
1204 2776 1296 2844 vocis

209 2891 357 2957 usitatae
373 2891 479 2975 μάτην
495 2889 675 2957 adductum
691 2890 785 2957 illam
800 2892 905 2958 verbo
920 2891 1093 2958 notionem
1116 2891 1296 2960 subiecisse

210 3008 434 3094 intellegitur.

297 3125 365 3209 ΙΠ,
382 3124 465 3190 1171
489 3123 560 3190 ἐπεὶ
582 3124 710 3212 κνέφας
733 3127 857 3211 ἔργαθε
880 3129 1002 3206 νυκτός
1027 3149 1120 3213 „oum
1150 3149 1216 3195 nox
1239 3149 1295 3196 eos

210 3243 379 3309 retineret
411 3242 599 3328 (quominus
631 3242 750 3309 statim
779 3242 1008 3330 mitterent)“;
1050 3243 1147 3310 Hom.
1181 3246 1295 3312 autem

209 3381 292 3427 voce
316 3362 460 3445 ἔργαθεν
483 3358 587 3425 aliter
609 3382 690 3426 usus
714 3363 783 3426 est:
808 3365 839 3424 A
861 3360 926 3426 437
949 3360 1015 3427 άπὸ
1037 3365 1192 3447 πλευρῶν
1213 3364 1296 3447 χρόα

210 3477 372 3559 &pponam
397 3481 429 3540 Ε
440 3475 500 3540 147
519 3474 583 3540 άττὸ
600 3475 628 3541 θ’
647 3475 785 3562 αὐχένος
801 3473 892 3562 ὦμον
908 3476 1085 3564 ἐέργαθεν;
1108 3499 1187 3545 nam
1200 3480 1296 3546 utro-

211 3613 276 3679 que
297 3590 370 3657 Ioco
394 3590 520 3658 dicitur
536 3591 578 3666 de
593 3591 663 3659 telo
679 3593 826 3660 membra
849 3596 1031 3682 separante
1055 3597 1091 3662 et
1113 3594 1296 3664 scindente.

209 3706 428 3775 Manifestum
460 3707 567 3797 igitur
597 3731 669 3776 esse
691 3709 829 3777 videtur
850 3733 931 3779 voce
954 3712 1079 3796 εἴργειν
1099 3710 1198 3778 illum
1220 3711 1297 3779 huic

210 3824 337 3892 aoristo
361 3824 586 3912 significatum
610 3825 727 3894 datum
750 3848 832 3894 esse.

301 4003 328 4072 1)
348 4002 397 4070 Qu.
418 4003 471 4057 Sm.
490 4004 565 4073 XIII,
586 4008 620 4060 67
630 4020 673 4060 ss:
694 3999 722 4066 ἐς
734 4001 820 4060 Ἴλιον
840 4000 985 4060 ἐσσεύοντο

366 4102 541 4176 ἄβρομοι,
560 4104 627 4173 eoas
645 4109 718 4175 μῆλα
736 4105 803 4160 ττοτλ
822 4105 951 4177 σταθμὸν
970 4106 1105 4162 ἀίσσοντα

367 4199 398 4259 ότι
419 4214 507 4275 νομοῦ
526 4202 657 4273 ὑλήεντες
676 4205 820 4276 όττοιρινην
838 4207 893 4262 ont
913 4207 1016 4263 νύκτα·

366 4303 402 4368 ὣς
420 4306 453 4360 οἵ
467 4308 491 4376 μ’
511 4306 666 4378 αόίαχοι
688 4307 791 4378 Τρώων
809 4307 875 4364 noel
893 4307 963 4367 ἄστυ
982 4305 1088 4367 νέοντο.
