3054 5010
750 257 793 324 ³6

230 431 328 517 Quod
358 455 431 502 oum
461 433 521 502 alii
550 433 618 502 alia
646 433 785 503 notioris
814 432 980 520 usurpent
1003 429 1177 519 (plerique,
1209 426 1312 497 etiam

226 551 401 641 pedestres
437 552 629 641 scriptores,
666 551 713 620 sie
746 553 787 618 ut
820 549 917 619 Hom.
953 549 1060 616 0277
1094 559 1235 634 γνκαῐαα
1268 583 1311 597 -

227 671 425 756 μνηστεύειν
459 669 599 736 ἐθέλωσι
632 670 667 736 et
690 668 775 737 Call.
798 667 864 751 HI,
888 666 975 754 265),
1010 665 1151 734 eundem
1184 663 1310 753 signifi-

228 790 340 854 oetum
363 786 465 854 alicui
487 809 635 871 uxorem,
668 785 867 855 connubium
889 782 1074 872 quaerendi
1095 782 1198 851 habet
1220 780 1311 870 apud

224 902 420 992 Euripidem
441 902 521 993 Jph.
544 902 588 970 A.
611 903 674 970 847
697 903 871 989 μνηστεύω
893 901 1021 987 γάμους
1042 902 1146 989 atque
1169 898 1309 988 Apollo—

224 1020 316 1088 nium
336 1004 395 1105 H,
409 1020 473 1087 511
497 1020 671 1106 ἀεξηθέντι
695 1019 773 1087 θεαὶ
795 1020 903 1105 γάμον
926 1017 1161 1103 ἐμνήστευσαν.

312 1137 380 1206 Per
403 1137 638 1227 metaphoram
660 1137 764 1206 etiam
778 1140 884 1207 verbo
901 1135 994 1224 epiro
1019 1136 1054 1202 et
1076 1134 1184 1202 ionico
1208 1133 1307 1219 άμαλ

224 1257 314 1322 θύνα
336 1278 417 1322 usus
441 1257 496 1323 est
517 1254 544 1335 I,
558 1254 623 1321 834
639 1256 730 1321 ἴσκεν
746 1254 984 1340 ἀμαλδύνουσα
1000 1255 1111 1340 φόνον
1124 1250 1225 1336 τέλος,
1249 1249 1308 1318 ubi

222 1375 317 1441 reete
339 1371 536 1440 scholiastes
551 1395 614 1460 pro
638 1394 677 1440 eo
701 1371 790 1461 quod
813 1374 867 1439 est
889 1370 1150 1457 ἀποκρύπτουσα
1173 1367 1305 1457 aooipit,

223 1511 295 1557 oum
334 1489 466 1558 omnino
503 1489 557 1577 (M
571 1489 628 1574 18,
651 1487 768 1577 Hipp.)
808 1486 1041 1575 corrumpendi
1081 1484 1307 1574 significatum

221 1605 354 1702 habeat.
402 1606 531 1691 Quibus
565 1606 680 1674 verbis
713 1628 815 1673 unum
850 1604 956 1672 solum
987 1605 1155 1691 μύρεσθαι
1184 1601 1306 1692 opponi

220 1725 345 1811 potest,
369 1723 458 1813 quod
474 1722 671 1812 Apollonius
694 1722 840 1811 proprie,
864 1721 1032 1789 Homerus
1049 1743 1180 1810 semper
1194 1722 1306 1788 trans-

220 1839 292 1906 late
312 1839 509 1928 usurpavit:
540 1838 603 1922 IV,
617 1839 681 1907 666
714 1839 826 1923 αἵματι
849 1839 885 1904 ολ
904 1837 1055 1922 θάλαμοί
1074 1861 1109 1903 τε
1131 1834 1186 1902 καὶ
1210 1835 1306 1923 ἕρκεα

220 1956 328 2023 ιιάντα
343 1958 460 2040 δόμοιο
482 1957 650 2042 μύρεσθαι
667 1957 786 2021 δόκεον
802 1953 862 2043 (11,
879 1954 971 2040 372);
996 1975 1195 2043 quamquam
1218 1952 1304 2020 enim

220 2095 352 2162 semper
368 2072 470 2140 fiendi
492 2071 560 2140 vim
575 2071 672 2138 Hom.
688 2071 766 2138 huie
780 2073 882 2140 verbo
906 2071 1039 2155 tribuit,
1063 2070 1158 2138 issam
1180 2068 1305 2137 fluendi

219 2189 391 2258 notionem
405 2187 624 2278 principalem
640 2188 747 2257 fuisse
763 2189 949 2257 verisimile
964 2189 1119 2274 videtur;
1142 2187 1179 2254 in
1195 2185 1303 2255 medio

219 2307 316 2396 quasi
348 2308 462 2397 posita
493 2310 547 2376 est
578 2307 755 2391 Hesiodea,
789 2306 880 2376 Sout.
905 2307 968 2374 132
998 2304 1130 2394 (ὀιστοὶ)
1162 2305 1303 2389 θάκρνσι

218 2435 326 2511 μῦρον
336 2424 369 2512 1).
436 2425 534 2493 Unde
568 2447 766 2514 progressus
798 2427 901 2514 poeta
931 2423 1025 2492 illam
1047 2423 1145 2492 verbi
1177 2421 1302 2511 signifi-

218 2542 384 2610 cationem
412 2543 582 2610 invenerit
611 2542 768 2631 eognosoi
789 2565 856 2609 non
885 2544 1010 2631 potest.
1055 2541 1128 2611 Iam
1151 2540 1239 2609 enim
1262 2563 1300 2608 eo

217 2658 441 2747 pervenimus,
474 2659 532 2727 ubi
563 2658 674 2726 altera
704 2681 785 2726 usus
817 2659 1001 2727 verborum
1038 2657 1163 2726 mutati
1201 2677 1302 2726 eausa

218 2774 429 2863 respicienda
451 2777 513 2858 est,
538 2773 687 2841 studium
702 2774 837 2842 doctum
860 2775 943 2841 dieo.
989 2774 1064 2858 Qua
1079 2773 1120 2842 de
1135 2797 1174 2842 re
1189 2797 1300 2862 quam·

219 2914 317 2980 quam
339 2891 395 2960 vir
417 2891 629 2960 doctissimus
652 2890 837 2960 Merkelius
870 2912 996 2959 summa
1027 2912 1100 2957 oum
1123 2889 1301 2977 diligentia

217 3007 298 3095 egit,
322 3011 437 3076 tamen
459 3010 595 3076 restant
623 3007 713 3076 haud
743 3030 860 3097 pauoa,
890 3030 1030 3098 quorum
1052 3007 1219 3074 rationem
1240 3005 1300 3073 mi·

215 3125 303 3193 nime
332 3125 580 3212 intellegamus.
626 3126 725 3211 Quod
756 3127 844 3195 enim
865 3125 931 3214 Ap.
954 3124 1001 3210 II,
1026 3125 1069 3192 56
1102 3124 1158 3192 ἵνα
1180 3128 1225 3209 μη
1243 3148 1300 3209 μοι

215 3241 374 3327 ἀτέμβηαι
397 3246 600 3328 μετόπισθεν
623 3247 659 3312 et
680 3243 747 3328 III,
764 3244 805 3312 99
830 3244 1032 3329 ἀτεμβοίμην
1062 3242 1113 3309 έοτ
1133 3241 1217 3329 αὐτῇ
1239 3240 1298 3329 (II,

216 3358 312 3442 1199)
335 3361 439 3428 verbo
462 3360 637 3429 rarissimo
662 3360 865 3446 άτέμβεσθαι
887 3359 1107 3449 vituperandi
1128 3358 1299 3427 notionem

214 3475 364 3560 subiecit,
395 3499 468 3544 eum
490 3476 580 3566 apud
602 3477 786 3545 Homerum
808 3477 964 3545 'activum
986 3476 1074 3544 idem
1097 3498 1136 3546 ao
1157 3475 1297 3560 violare,

213 3614 253 3661 ae
274 3592 403 3681 privari
425 3593 596 3681 passivum
610 3593 735 3678 valeat,
761 3592 840 3682 quid
862 3593 906 3661 ad
928 3594 1014 3662 hano
1036 3593 1299 3683 discrepantiam

215 3709 478 3799 intellegendam
499 3711 556 3780 vel
579 3710 810 3799 explicandam
832 3711 930 3779 iuvat
953 3711 1055 3780 suhol.
1076 3711 1183 3778 uses
1205 3711 1298 3797 ἀτέμ·
1413 3726 1416 3734 ·

212 3831 347 3912 βονται·
370 3826 560 3914 στέρονται·
592 3829 628 3894 ot
655 3825 692 3894 δέ
723 3829 980 3914 γλωσσογράφοι
1010 3828 1206 3917 μέμφονται,
1237 3831 1299 3896 aut

213 3942 315 4011 schol.
339 3943 405 4032 Ap.
428 3943 494 4011 Rh.
518 3944 566 4028 II,
582 3944 641 4012 56:
677 3947 715 4012 τὸ
739 3946 802 4031 γάρ
832 3944 880 4013 ἀτ.
914 3947 946 4012 οἱ
980 3947 1136 4033 νεώτεροι
1159 3947 1221 4015 ούιι
1244 3944 1297 4012 ἐπὶ

304 4189 330 4256 1)
352 4183 388 4240 of.
408 4185 467 4241 Leo
487 4186 590 4259 Meyer,
610 4185 657 4242 Gr.
676 4185 721 4242 Et.
740 4186 788 4257 IV,
806 4188 868 4242 412.
