3054 5010
737 285 778 353 51

218 460 329 544 δόμος,
353 461 467 544 δωμᾶν
490 459 721 548 coniungenda
743 462 831 527 sunt.
878 458 961 526 (ium
983 459 1071 526 enim
1092 456 1264 527 Nauckius
1274 456 1299 545 ¹)

217 596 333 643 vocem
358 586 475 662 νωμᾶν
506 598 607 644 unam
640 599 659 645 c
689 575 787 644 huius
820 574 910 643 modi
942 575 1115 645 vocabulis
1149 578 1302 645 veterem

218 715 291 761 esse
313 692 614 779 demonstraverit,
648 696 763 780 δωμᾶν
787 716 917 782 quoque
940 692 1004 760 huc
1025 692 1205 760 referenda
1227 715 1300 761 csse

217 809 371 891 videtur,
409 832 495 899 quae
529 833 602 878 cum
635 810 696 878 iiia
729 810 792 878 hcc
824 810 949 878 habeat
982 832 1167 894 commune,
1211 808 1301 898 quod

216 949 324 1015 neque
362 929 478 1013 δομεῑν
516 950 624 1016 neque
660 939 778 1012 νομεῖν
811 927 1044 1012 inveniuntur,
1082 926 1148 994 nisi
1184 928 1300 1013 δομεῑν

217 1043 449 1112 recentissima
470 1047 595 1130 aetate,
619 1045 715 1114 velut
738 1043 827 1133 apud
848 1044 1034 1112 Arrianum
1055 1066 1108 1112 an.
1132 1045 1162 1128 7,
1186 1045 1238 1111 22.

303 1160 375 1230 Nos
398 1163 537 1232 verbum
559 1165 712 1248 μυδαίνω
733 1161 822 1250 apud
836 1161 1091 1251 Lycophrcuem
1107 1161 1193 1229 1008
1215 1163 1300 1228 ἔνθα

216 1281 369 1363 μυδαόνει
392 1289 506 1358 ποτοῖς
525 1279 530 1367 Ι
546 1279 724 1365 ’όδκίνοιρος
741 1288 804 1364 γῆν
827 1282 865 1346 et
885 1278 1104 1368 Apollonium
1125 1277 1190 1362 111,
1215 1277 1299 1344 1042

216 1396 366 1480 μυδήνας
387 1397 464 1463 τόδε
487 1396 664 1483 φάρμακον
686 1395 765 1483 (ΠΙ,
790 1395 888 1482 1247)
918 1394 1071 1482 legimus,
1095 1397 1198 1484 atquc
1221 1416 1301 1463 casu

217 1511 378 1580 accidisse
401 1512 549 1596 videtur,
572 1515 613 1579 ut
633 1511 717 1580 hacc
739 1514 875 1580 tentum
896 1512 988 1581 vocis
1011 1511 1164 1600 exempla
1187 1533 1300 1580 serva·

216 1631 348 1712 rentur,
380 1629 459 1718 quia
479 1629 534 1697 hic
555 1629 727 1698 notionem
748 1628 910 1718 liquandi,
938 1628 1012 1697 illic
1033 1628 1202 1696 madidum
1224 1627 1301 1696 red-

218 1744 318 1812 dendi
336 1749 489 1835 usurpat,
513 1746 654 1814 tertiam
676 1749 790 1814 autem
812 1747 917 1814 affert
931 1744 1133 1834 Hesychius,
1158 1745 1216 1834 qui
1236 1768 1300 1834 pro

217 1866 336 1949 σήπειν
357 1863 437 1951 poni
460 1863 552 1931 dicit.
608 1863 769 1931 Continet
796 1862 905 1951 igitur
932 1862 995 1931 hoc
1023 1865 1164 1932 verbum
1187 1862 1302 1931 activa
1346 1918 1350 1925 .

216 1979 251 2049 vi
275 2001 331 2048 cas
354 1980 519 2065 notiones
544 2003 625 2069 quas
648 1982 763 2067 μνδόω
786 1979 1018 2048 intransitiva.

302 2097 354 2166 At
376 2101 515 2166 verbum
537 2099 650 2176 δύπτω
672 2100 776 2186 poeta
798 2119 839 2166 ex
857 2097 1091 2185 Lycophronis
1112 2095 1302 2185 glossarum

217 2214 313 2303 copia
350 2215 527 2304 sumpsisse
561 2214 712 2284 videtur:
751 2213 784 2298 I,
810 2215 895 2282 1008
929 2213 964 2293 ἐς
996 2214 1146 2302 ἁλμυρὸν
1179 2213 1302 2300 ἀθρόοι

216 2331 308 2416 ὕδωρ
345 2333 526 2410 δύπτοντες
561 2334 708 2418 κεφαλὰς
744 2329 799 2398 καὶ
834 2335 975 2417 cotham
1014 2331 1047 2414 I,
1073 2330 1157 2398 1326
1191 2333 1302 2397 νειόθι

218 2449 326 2528 δύψας
334 2471 342 2534 3
382 2447 445 2516 hec
475 2447 697 2518 intransitiva
726 2447 762 2517 vi
789 2447 871 2537 Lyc.
894 2447 959 2515 716
989 2450 1073 2533 πρὸς
1101 2458 1189 2533 κῦμα
1220 2449 1303 2514 δνπ-

218 2566 340 2644 νούσοις
362 2576 495 2653 πτεροῖς
526 2569 562 2634 ct
585 2567 649 2633 164
671 2568 773 2647 cavos
795 2564 938 2651 Νηρέως
960 2567 1094 2650 δόμους.
1140 2563 1207 2632 Sed
1229 2586 1302 2632 cum
1383 2617 1385 2621 .

217 2681 285 2750 iam
320 2682 543 2751 Antimachus
581 2682 638 2770 (fr.
662 2683 739 2770 6Β)
784 2681 847 2750 hoo
883 2682 1046 2751 vocabulo
1084 2704 1164 2750 usus
1203 2684 1301 2766 esset,

153 2850 155 2854 Α
217 2802 397 2889 utrumque
420 2822 462 2868 cx
484 2800 553 2883 1110,
576 2803 617 2868 ut
640 2799 776 2886 soleret,
799 2799 938 2890 petiisse
960 2799 1153 2868 credideris.

305 2916 478 3001 Quattuor
499 2916 619 2985 deinde
641 2919 745 2986 verba
766 2907 995 3002 inveniuntur,
1018 2937 1104 3005 quae
1126 2918 1169 2983 ab
1189 2914 1339 3020 Aratog
1362 2933 1414 3002 20,

217 3037 346 3104 novata
370 3034 583 3125 Apollonius,
619 3057 715 3124 quem
738 3058 806 3102 non
828 3034 963 3122 singula
984 3037 1118 3103 tantum
1140 3032 1302 3104 vocabula

224 3150 316 3220 illius
339 3151 504 3240 recepisse
527 3154 669 3236 constat,
692 3151 830 3240 recepit.

306 3268 407 3338 Arai.
431 3270 495 3338 856
518 3267 570 3336 ταὶ
594 3268 622 3334 δ
647 3269 735 3356 ἀμφί
757 3294 817 3353 μιν
839 3271 923 3335 ἔνθα
945 3266 1000 3334 καὶ
1023 3270 1108 3335 ἔνθα

307 3383 438 3463 ἀκτῖνες
459 3388 628 3471 μεσσηγὺς
651 3382 929 3468 ἑλισσόμεναι
953 3384 1197 3471 διχόωντοιι;

305 3502 371 3590 Ap.
393 3500 456 3586 IV,
481 3501 566 3568 1616
602 3499 717 3570 ecdem
739 3522 855 3570 versus
877 3489 966 3585 loco,
998 3499 1055 3569 ubi
1089 3497 1131 3566 de
1161 3498 1302 3568 Tritone

222 3617 356 3703 dicitur,
379 3620 479 3685 κόπτε
502 3617 531 3684 δ
555 3617 719 3696 ἀκάνθαις

306 3737 410 3821 ἄκρον
432 3734 535 3820 ὕδωρ,
559 3736 596 3801 οιῖ
615 3759 649 3801 τε
672 3739 820 3812 σκολιοῖς
841 3733 1008 3801 ἐπινειόθι
1031 3732 1180 3820 κέντροις

308 3855 414 3938 μήνης
430 3853 475 3930 ὡς
488 3852 665 3938 κεράεσσιν
686 3850 932 3936 ἐειδόμεναι
955 3851 1173 3936 διχόωντο.
1206 3847 1304 3932 Quod

220 3970 378 4049 verbum,
416 3967 509 4037 cuius
547 3967 694 4037 activum
731 3967 861 4057 legitur
891 3967 990 4036 Arai.
1021 3966 1094 4051 512,
1125 3965 1198 4050 606,
1227 3966 1301 4050 773,

314 4211 341 4283 1)
360 4209 501 4281 Melangcs
519 4208 738 4268 Gracc-romairo
757 4209 804 4280 IV,
822 4211 972 4268 586-593.

1051 4308 1095 4377 4*
