3054 5010
699 290 742 360 49

182 467 276 553 pedo.
328 464 423 549 Quae
456 467 561 536 verba
591 465 745 555 loquitur
775 465 899 535 Castor
928 465 965 532 in
995 463 1115 534 fabula
1141 463 1267 552 Amyei

181 583 426 672 Argonautica,
450 583 536 651 unde
551 582 770 673 Apollonium
791 605 907 651 vooem
928 569 1062 651 novisse
1086 581 1266 652 verisimil-

181 700 298 768 limum
313 702 377 769 est.
412 699 540 769 Eadem
559 699 647 786 eninr
668 699 802 767 ratione
818 721 891 767 oum
906 699 1099 769 accusativo
1122 699 1267 767 medium

143 844 146 849 ⁴
182 817 248 906 Ap.
265 839 395 906 quoque
412 818 607 886 construxit
618 817 645 902 I,
663 817 748 884 1327
763 817 851 903 μάλα
865 820 907 904 δή
921 841 962 904 με
977 828 1065 907 κακῷ
1081 816 1267 885 ἐκυδάσσαο

182 937 290 1024 μύθῳ.

192 1075 193 1078 ’
271 1052 373 1120 Cuius
407 1052 500 1121 voeiu
534 1052 575 1121 de
610 1052 740 1140 origine
776 1053 842 1121 etei
874 1050 960 1119 nihil
993 1052 1081 1120 uerti
1117 1051 1267 1141 proferri

181 1171 307 1259 potest,
329 1172 444 1238 tamen
467 1168 621 1259 exempla
635 1168 858 1257 Epicharmea
873 1169 1021 1237 dorieam
1043 1167 1148 1238 fuisse
1162 1209 1197 1217 -
1212 1168 1267 1237 eui
1381 1239 1382 1242 ,
1441 1230 1443 1238 .

81 1348 84 1353 ,
183 1287 374 1355 sententiae
405 1285 462 1355 vel
493 1285 668 1375 Sophoclis
700 1309 780 1354 neue
812 1288 929 1354 obstat
950 1324 992 1336 -
1015 1285 1149 1353 minime
1181 1307 1267 1355 eom·

182 1406 339 1492 probant,
354 1404 432 1492 quia
438 1403 633 1492 Epicharmi
644 1403 810 1472 dieleotus
825 1403 974 1472 ionismie
985 1403 1076 1472 haud
1086 1405 1223 1472 carebat
1232 1402 1266 1490 ²).

191 1573 192 1578 η
270 1518 365 1604 Quae
397 1519 506 1589 adhue
537 1521 761 1589 tractavimus
802 1523 910 1589 verba
943 1521 1053 1588 omnia
1086 1520 1154 1588 iam
1186 1511 1304 1596 anto§
1327 1511 1379 1578 19·

184 1636 358 1726 Apollonii
386 1640 542 1726 tempora
575 1637 611 1704 in
633 1637 841 1707 Graecorum
875 1637 1013 1727 seriptis
1045 1637 1267 1707 inveniuntur

182 1776 290 1843 neque
307 1755 439 1822 omnino
462 1755 574 1823 aliena
597 1757 678 1822 sunt
699 1776 720 1822 a
739 1754 904 1824 communi
923 1776 1063 1843 poeseos
1079 1754 1267 1823 elocutione

184 1874 246 1939 aut
264 1892 285 1938 a
304 1875 425 1965 poetae
447 1872 552 1960 ipsius
575 1871 731 1956 dialecto,
754 1894 853 1960 quam
871 1871 969 1938 'Ioida
986 1871 1094 1940 fuisse
1112 1870 1266 1956 vidimus,

184 1987 220 2056 id
235 1987 324 2077 quod
340 2011 382 2056 ex
398 2011 436 2056 eo
454 2011 585 2077 quoque
601 1988 690 2077 quod
701 1987 932 2057 Alexandriae
948 1988 1044 2055 illum
1061 1991 1179 2057 natum
1194 2011 1268 2058 esse

184 2104 337 2190 tradunt,
353 2105 588 2176 concludamus
603 2108 750 2194 oportet.
783 2105 866 2172 Cum
879 2125 968 2173 nuno
981 2106 1044 2174 illa
1054 2109 1169 2190 verba,
1182 2127 1269 2195 quae
1335 2160 1337 2165 .

184 2222 220 2289 in
247 2221 439 2311 'aequalium
470 2223 672 2290 carminibus
702 2221 872 2310 leguntur,
910 2224 1119 2312 perscrutari
1150 2245 1268 2310 aggre-

186 2339 325 2421 diamur,
348 2339 548 2407 monendum
563 2342 624 2423 oet,
648 2339 821 2427 quodiam
838 2338 937 2406 initio
959 2339 1000 2407 de
1022 2340 1156 2408 ratione
1176 2340 1269 2407 inter

183 2455 494 2524 Alexandrinorum
531 2459 709 2545 poetarum
738 2455 886 2524 earmina
916 2454 1150 2524 intercedente
1182 2456 1269 2524 dixi-

183 2562 271 2641 rnus:
295 2595 355 2641 nos
370 2572 407 2640 in
421 2571 618 2641 universum
633 2571 772 2656 nescire,
789 2575 868 2640 uter
883 2572 995 2641 utrius
1012 2573 1160 2660 vestigia
1174 2596 1267 2662 pres-

185 2678 296 2758 eisset.
330 2683 457 2758 Tamen
470 2689 632 2757 nonnulla
647 2692 727 2757 sunt
742 2693 846 2758 certa.
882 2687 965 2756 Cum
979 2712 1095 2758 vocem
1110 2703 1268 2777 γατομεϊο

183 2820 279 2893 nemo
301 2806 521 2896 usurpaverit
542 2807 608 2874 nisi
630 2808 695 2895 Ap.
719 2806 769 2890 ΙΙ,
794 2808 880 2875 1005
911 2811 1021 2896 χθόνα
1051 2806 1269 2893 γατομέοντες

184 2928 220 2992 et
241 2923 422 3015 Lycophro
445 2925 519 3008 268,
546 2923 638 3008 1396,
674 2923 824 2992 dubitari
852 2948 920 3010 uon
941 2927 1066 3014 potest,
1100 2924 1180 3014 quin
1202 2923 1266 3014 Ap.
1379 2916 1382 2923 ’

184 3064 226 3110 ex
240 3025 667 3132 Lycophronesumpserit
687 3040 750 3109 hoo
772 3043 814 3109 ab
838 3041 930 3131 epiro
954 3064 1106 3110 sermone
1126 3064 1267 3133 prorsus

184 3159 369 3247 abhorrens
403 3160 551 3228 verbum.
612 3145 819 3247 Quamquam
856 3158 942 3226 enim
976 3158 1156 3226 Homerus·
1179 3157 1267 3226 talea

185 3254 258 3344 tum
278 3301 334 3362 γη-
349 3276 550 3365 compositas
575 3273 764 3344 voces‘non
785 3276 937 3364 praebet,
960 3278 1075 3343 tamen
1097 3278 1159 3343 aut
1181 3299 1267 3360 γειο-

183 3405 299 3478 τομεῑο
321 3396 382 3462 aut
404 3403 583 3479 γεωτομεῑν
614 3392 739 3476 formae
772 3391 865 3483 epioe
897 3392 1016 3480 generi
1038 3391 1171 3460 dioendi
1192 3415 1267 3460 oon-

184 3489 359 3579 venientee
390 3533 464 3578 esse
492 3509 710 3578 manifestum
741 3515 811 3594 est,
843 3508 939 3578 velut
960 3508 1027 3598 Ap.
1050 3509 1123 3598 ipse
1151 3509 1179 3593 I,
1203 3509 1277 3598 687⁴

184 3630 360 3713 γειοτόμον
368 3666 411 3676 -
420 3629 574 3715 ἄροτρον,
583 3626 610 3711 Ι,
620 3627 706 3692 1214
717 3628 849 3712 βοὸς-
859 3629 1043 3712 γεωμόρου,
1055 3625 1220 3693 Maximus
1234 3648 1267 3693 τ.

185 3768 318 3832 καταρχ.
334 3745 398 3812 499
418 3746 582 3830 γεωτομία
596 3746 792 3833 posuerunt.
831 3742 957 3811 Forma
972 3754 1129 3828 γατομεϊν
1143 3744 1267 3828 autem,

184 3910 390 3926 t———a-„n

278 4025 305 4094 1)
324 4022 400 4079 cuiue
426 4022 467 4078 rei
492 4023 644 4095 exemplum
673 4020 748 4078 dedit
767 4022 838 4078 Guil.
857 4020 986 4078 Schulze:
1014 4036 1093 4076 usum
1119 4020 1192 4077 vooia
1219 4012 1268 4090 ὧν,

184 4121 342 4188 Herodoteo
368 4139 443 4180 more
468 4123 497 4179 in
524 4124 605 4180 tmesi
635 4123 789 4193 adhibitae3
821 4122 856 4180 fr.
882 4126 934 4178 124
945 4122 978 4179 Κ.
1007 4117 1050 4178 ἐπ’
1070 4116 1110 4178 dv
1141 4118 1267 4194 ἐτίομοες

185 4225 381 4298 dstQt

1037 4327 1061 4395 4
