<?xml version="1.0" encoding="UTF-8"?>
<!DOCTYPE html PUBLIC "-//W3C//DTD XHTML 1.0 Transitional//EN"
    "http://www.w3.org/TR/xhtml1/DTD/xhtml1-transitional.dtd">
<html xmlns="http://www.w3.org/1999/xhtml" xml:lang="en" lang="en">
 <head>
  <title>
</title>
<meta http-equiv="Content-Type" content="text/html;charset=utf-8" />
  <meta name='ocr-system' content='tesseract 3.04.00' />
  <meta name='ocr-capabilities' content='ocr_page ocr_carea ocr_par ocr_line ocrx_word'/>
</head>
<body>
  <div class='ocr_page' id='page_1' title='image "./deapolloniirhod01boesgoog_0063.png"; bbox 0 0 3054 5010; ppageno 0'>
   <div class='ocr_carea' id='block_1_1' title="bbox 694 387 737 455">
    <p class='ocr_par' dir='ltr' id='par_1_1' title="bbox 694 387 737 455">
     <span class='ocr_line' id='line_1_1' title="bbox 694 387 737 455; baseline 0.07 -3"><span class='ocrx_word' id='word_1_1' title='bbox 694 387 737 455; x_wconf 79' lang='lat'>65</span> 
     </span>
    </p>
   </div>
   <div class='ocr_carea' id='block_1_2' title="bbox 174 562 1295 3455">
    <p class='ocr_par' dir='ltr' id='par_1_2' title="bbox 174 562 1265 2404">
     <span class='ocr_line' id='line_1_2' title="bbox 174 562 1259 655; baseline 0.003 -23"><span class='ocrx_word' id='word_1_2' title='bbox 174 563 300 633; x_wconf 67' lang='lat' dir='ltr'>auriol(</span> <span class='ocrx_word' id='word_1_3' title='bbox 321 566 370 644; x_wconf 71' lang='lat' dir='ltr'>sir</span> <span class='ocrx_word' id='word_1_4' title='bbox 383 562 453 632; x_wconf 92' lang='lat' dir='ltr'>und</span> <span class='ocrx_word' id='word_1_5' title='bbox 467 563 595 650; x_wconf 56' lang='lat' dir='ltr'>psseffl).</span> <span class='ocrx_word' id='word_1_6' title='bbox 640 563 767 648; x_wconf 77' lang='lat' dir='ltr'>Quodsi</span> <span class='ocrx_word' id='word_1_7' title='bbox 781 562 956 652; x_wconf 88' lang='lat' dir='ltr'>Apollonii</span> <span class='ocrx_word' id='word_1_8' title='bbox 977 587 1041 633; x_wconf 91' lang='lat' dir='ltr'>usu</span> <span class='ocrx_word' id='word_1_9' title='bbox 1062 562 1259 655; x_wconf 74' lang='lat' dir='ltr'>comparato</span> 
     </span>
     <span class='ocr_line' id='line_1_3' title="bbox 174 679 1259 772; baseline 0.004 -24"><span class='ocrx_word' id='word_1_10' title='bbox 174 681 264 750; x_wconf 88' lang='lat' dir='ltr'>idem</span> <span class='ocrx_word' id='word_1_11' title='bbox 285 681 508 769; x_wconf 74' lang='lat' dir='ltr'><strong>cognoscitur,</strong></span> <span class='ocrx_word' id='word_1_12' title='bbox 539 680 602 748; x_wconf 85' lang='lat' dir='ltr'>hae</span> <span class='ocrx_word' id='word_1_13' title='bbox 632 681 706 770; x_wconf 89' lang='lat' dir='ltr'>ipsa</span> <span class='ocrx_word' id='word_1_14' title='bbox 733 704 770 749; x_wconf 91' lang='lat' dir='ltr'>re</span> <span class='ocrx_word' id='word_1_15' title='bbox 787 680 845 749; x_wconf 43' lang='lat' dir='ltr'>‘ius</span> <span class='ocrx_word' id='word_1_16' title='bbox 867 683 1138 772; x_wconf 68' lang='lat' dir='ltr'>potestatemque</span> <span class='ocrx_word' id='word_1_17' title='bbox 1160 679 1259 752; x_wconf 82' lang='lat' dir='ltr'>nobis¹</span> 
     </span>
     <span class='ocr_line' id='line_1_4' title="bbox 175 796 1258 886; baseline 0 -21"><span class='ocrx_word' id='word_1_18' title='bbox 175 797 290 866; x_wconf 86' lang='lat' dir='ltr'>datam</span> <span class='ocrx_word' id='word_1_19' title='bbox 313 816 386 866; x_wconf 83' lang='lat' dir='ltr'>esse</span> <span class='ocrx_word' id='word_1_20' title='bbox 408 797 647 886; x_wconf 85' lang='lat' dir='ltr'>comprobatur</span> <span class='ocrx_word' id='word_1_21' title='bbox 669 796 831 865; x_wconf 88' lang='lat' dir='ltr'>metiendi</span> <span class='ocrx_word' id='word_1_22' title='bbox 853 797 968 866; x_wconf 82' lang='lat' dir='ltr'>eadem</span> <span class='ocrx_word' id='word_1_23' title='bbox 989 820 1155 882; x_wconf 87' lang='lat' dir='ltr'>mensura,</span> <span class='ocrx_word' id='word_1_24' title='bbox 1179 797 1258 865; x_wconf 94' lang='lat' dir='ltr'>dum</span> 
     </span>
     <span class='ocr_line' id='line_1_5' title="bbox 174 913 1258 1005; baseline 0 -23"><span class='ocrx_word' id='word_1_25' title='bbox 174 913 271 983; x_wconf 91' lang='lat' dir='ltr'>modo</span> <span class='ocrx_word' id='word_1_26' title='bbox 294 917 387 983; x_wconf 81' lang='lat' dir='ltr'>reete</span> <span class='ocrx_word' id='word_1_27' title='bbox 410 913 621 999; x_wconf 77' lang='lat' dir='ltr'>adhibeatur,</span> <span class='ocrx_word' id='word_1_28' title='bbox 652 919 688 983; x_wconf 87' lang='lat' dir='ltr'>et</span> <span class='ocrx_word' id='word_1_29' title='bbox 710 914 903 1003; x_wconf 81' lang='lat' dir='ltr'>pedestrem</span> <span class='ocrx_word' id='word_1_30' title='bbox 926 918 962 984; x_wconf 89' lang='lat' dir='ltr'>et</span> <span class='ocrx_word' id='word_1_31' title='bbox 984 916 1111 1005; x_wconf 81' lang='lat' dir='ltr'>epicam</span> <span class='ocrx_word' id='word_1_32' title='bbox 1134 937 1258 983; x_wconf 87' lang='lat' dir='ltr'>sermo-</span> 
     </span>
     <span class='ocr_line' id='line_1_6' title="bbox 175 1030 1261 1121; baseline 0.001 -23"><span class='ocrx_word' id='word_1_33' title='bbox 175 1055 258 1099; x_wconf 91' lang='lat' dir='ltr'>nem.</span> <span class='ocrx_word' id='word_1_34' title='bbox 304 1031 352 1099; x_wconf 85' lang='lat' dir='ltr'>Et</span> <span class='ocrx_word' id='word_1_35' title='bbox 372 1033 514 1114; x_wconf 84' lang='lat' dir='ltr'>restant,</span> <span class='ocrx_word' id='word_1_36' title='bbox 539 1031 671 1099; x_wconf 88' lang='lat' dir='ltr'>omissis</span> <span class='ocrx_word' id='word_1_37' title='bbox 688 1030 922 1121; x_wconf 82' lang='lat' dir='ltr'>decompositis</span> <span class='ocrx_word' id='word_1_38' title='bbox 945 1032 1103 1119; x_wconf 80' lang='grc' dir='ltr'><strong><em>εἰσανέχω</em></strong></span> <span class='ocrx_word' id='word_1_39' title='bbox 1120 1035 1156 1100; x_wconf 92' lang='lat' dir='ltr'>et</span> <span class='ocrx_word' id='word_1_40' title='bbox 1167 1034 1261 1099; x_wconf 67' lang='grc' dir='ltr'>ἐῖσαι·</span> 
     </span>
     <span class='ocr_line' id='line_1_7' title="bbox 175 1147 1260 1237; baseline 0.001 -22"><span class='ocrx_word' id='word_1_41' title='bbox 175 1151 337 1234; x_wconf 78' lang='grc' dir='ltr'><strong><em>ποβαίνω,</em></strong></span> <span class='ocrx_word' id='word_1_42' title='bbox 366 1150 409 1216; x_wconf 90' lang='lat' dir='ltr'>ab</span> <span class='ocrx_word' id='word_1_43' title='bbox 430 1147 577 1216; x_wconf 88' lang='lat' dir='ltr'>Homero</span> <span class='ocrx_word' id='word_1_44' title='bbox 600 1148 713 1216; x_wconf 87' lang='lat' dir='ltr'>aliena</span> <span class='ocrx_word' id='word_1_45' title='bbox 734 1150 919 1236; x_wconf 81' lang='lat' dir='ltr'>composita</span> <span class='ocrx_word' id='word_1_46' title='bbox 942 1152 1106 1237; x_wconf 85' lang='lat' dir='ltr'>quattuor</span> <span class='ocrx_word' id='word_1_47' title='bbox 1129 1150 1260 1232; x_wconf 85' lang='lat' dir='ltr'>(eontra</span> 
     </span>
     <span class='ocr_line' id='line_1_8' title="bbox 176 1263 1261 1354; baseline 0.001 -23"><span class='ocrx_word' id='word_1_48' title='bbox 176 1265 217 1332; x_wconf 80' lang='lat'>15</span> <span class='ocrx_word' id='word_1_49' title='bbox 239 1263 447 1354; x_wconf 85' lang='lat' dir='ltr'>Homerica):</span> <span class='ocrx_word' id='word_1_50' title='bbox 482 1267 632 1352; x_wconf 74' lang='grc' dir='ltr'><strong><em>εἰσαῳύω</em></strong></span> <span class='ocrx_word' id='word_1_51' title='bbox 661 1265 724 1351; x_wconf 89' lang='lat' dir='ltr'>IV,</span> <span class='ocrx_word' id='word_1_52' title='bbox 749 1266 834 1334; x_wconf 82' lang='grc'>1692</span> <span class='ocrx_word' id='word_1_53' title='bbox 856 1268 949 1352; x_wconf 75' lang='grc' dir='ltr'>ὕδωρ</span> <span class='ocrx_word' id='word_1_54' title='bbox 971 1267 998 1333; x_wconf 87' lang='grc' dir='ltr'>τ’</span> <span class='ocrx_word' id='word_1_55' title='bbox 1024 1268 1261 1354; x_wconf 72' lang='grc' dir='ltr'><strong><em>εἰσαφύσαντο,</em></strong></span> 
     </span>
     <span class='ocr_line' id='line_1_9' title="bbox 176 1381 1262 1472; baseline 0 -23"><span class='ocrx_word' id='word_1_56' title='bbox 176 1405 249 1449; x_wconf 86' lang='lat' dir='ltr'>enm</span> <span class='ocrx_word' id='word_1_57' title='bbox 286 1382 432 1449; x_wconf 91' lang='lat' dir='ltr'>Homero</span> <span class='ocrx_word' id='word_1_58' title='bbox 463 1381 580 1450; x_wconf 88' lang='lat' dir='ltr'>eadem</span> <span class='ocrx_word' id='word_1_59' title='bbox 609 1382 748 1452; x_wconf 87' lang='lat' dir='ltr'>notione</span> <span class='ocrx_word' id='word_1_60' title='bbox 778 1383 919 1472; x_wconf 86' lang='lat' dir='ltr'>simplex</span> <span class='ocrx_word' id='word_1_61' title='bbox 950 1383 1152 1451; x_wconf 83' lang='lat' dir='ltr'>suffecisset:</span> <span class='ocrx_word' id='word_1_62' title='bbox 1184 1384 1262 1450; x_wconf 73' lang='grc' dir='ltr'>ιὸὅ</span> 
     </span>
     <span class='ocr_line' id='line_1_10' title="bbox 175 1499 1260 1587; baseline 0.001 -20"><span class='ocrx_word' id='word_1_63' title='bbox 175 1499 230 1567; x_wconf 79' lang='grc' dir='ltr'>καὶ</span> <span class='ocrx_word' id='word_1_64' title='bbox 253 1500 465 1586; x_wconf 75' lang='grc' dir='ltr'><strong><em>ἀφύσσαμεθ’</em></strong></span> <span class='ocrx_word' id='word_1_65' title='bbox 489 1502 599 1587; x_wconf 75' lang='grc' dir='ltr'>11δωρ;</span> <span class='ocrx_word' id='word_1_66' title='bbox 624 1502 809 1585; x_wconf 76' lang='grc' dir='ltr'><strong><em>εἰσανδρόω</em></strong></span> <span class='ocrx_word' id='word_1_67' title='bbox 824 1500 853 1584; x_wconf 87' lang='grc' dir='ltr'>Ι,</span> <span class='ocrx_word' id='word_1_68' title='bbox 867 1501 948 1587; x_wconf 80' lang='lat'><strong>874;</strong></span> <span class='ocrx_word' id='word_1_69' title='bbox 973 1503 1085 1568; x_wconf 72' lang='lat' dir='ltr'>sionim</span> <span class='ocrx_word' id='word_1_70' title='bbox 1102 1505 1156 1585; x_wconf 95' lang='lat'>(=</span> <span class='ocrx_word' id='word_1_71' title='bbox 1173 1504 1260 1568; x_wconf 80' lang='grc' dir='ltr'><strong><em>είσα·</em></strong></span> 
     </span>
     <span class='ocr_line' id='line_1_11' title="bbox 175 1617 1265 1705; baseline 0.001 -21"><span class='ocrx_word' id='word_1_72' title='bbox 175 1617 293 1704; x_wconf 77' lang='grc' dir='ltr'><strong>κούω.)</strong></span> <span class='ocrx_word' id='word_1_73' title='bbox 304 1617 402 1686; x_wconf 89' lang='lat' dir='ltr'>velut</span> <span class='ocrx_word' id='word_1_74' title='bbox 414 1617 554 1686; x_wconf 79' lang='lat' dir='ltr'>Theocr.</span> <span class='ocrx_word' id='word_1_75' title='bbox 578 1623 657 1684; x_wconf 81' lang='grc' dir='ltr'><strong><em>Θαλ.</em></strong></span> <span class='ocrx_word' id='word_1_76' title='bbox 674 1618 732 1703; x_wconf 79' lang='grc'>88;</span> <span class='ocrx_word' id='word_1_77' title='bbox 757 1639 799 1684; x_wconf 86' lang='lat' dir='ltr'>ex</span> <span class='ocrx_word' id='word_1_78' title='bbox 814 1617 934 1705; x_wconf 90' lang='lat' dir='ltr'>quibus</span> <span class='ocrx_word' id='word_1_79' title='bbox 948 1640 1050 1684; x_wconf 89' lang='lat' dir='ltr'>unum</span> <span class='ocrx_word' id='word_1_80' title='bbox 1072 1617 1194 1685; x_wconf 90' lang='lat' dir='ltr'>usitati</span> <span class='ocrx_word' id='word_1_81' title='bbox 1209 1620 1265 1685; x_wconf 87' lang='lat' dir='ltr'>est</span> 
     </span>
     <span class='ocr_line' id='line_1_12' title="bbox 177 1733 1262 1822; baseline 0.001 -21"><span class='ocrx_word' id='word_1_82' title='bbox 177 1733 346 1818; x_wconf 89' lang='lat' dir='ltr'>sermonis,</span> <span class='ocrx_word' id='word_1_83' title='bbox 364 1734 537 1820; x_wconf 79' lang='grc' dir='ltr'><strong><em>εἰσβάλλω.</em></strong></span> <span class='ocrx_word' id='word_1_84' title='bbox 583 1733 710 1817; x_wconf 76' lang='lat' dir='ltr'>Quibus</span> <span class='ocrx_word' id='word_1_85' title='bbox 725 1733 871 1801; x_wconf 89' lang='lat' dir='ltr'>numeris</span> <span class='ocrx_word' id='word_1_86' title='bbox 888 1734 1077 1822; x_wconf 90' lang='lat' dir='ltr'>opponendi</span> <span class='ocrx_word' id='word_1_87' title='bbox 1091 1735 1170 1801; x_wconf 86' lang='lat' dir='ltr'>sunt</span> <span class='ocrx_word' id='word_1_88' title='bbox 1185 1733 1262 1802; x_wconf 68' lang='lat' dir='ltr'>aliis</span> 
     </span>
     <span class='ocr_line' id='line_1_13' title="bbox 177 1849 1264 1942; baseline -0.001 -25"><span class='ocrx_word' id='word_1_89' title='bbox 177 1872 250 1917; x_wconf 88' lang='lat' dir='ltr'>cum</span> <span class='ocrx_word' id='word_1_90' title='bbox 272 1872 354 1919; x_wconf 83' lang='lat' dir='ltr'>voce</span> <span class='ocrx_word' id='word_1_91' title='bbox 377 1849 445 1916; x_wconf 79' lang='grc' dir='ltr'><strong><em>ἐτι·</em></strong></span> <span class='ocrx_word' id='word_1_92' title='bbox 468 1849 617 1917; x_wconf 83' lang='lat' dir='ltr'>formata</span> <span class='ocrx_word' id='word_1_93' title='bbox 638 1849 821 1937; x_wconf 81' lang='lat' dir='ltr'>composita</span> <span class='ocrx_word' id='word_1_94' title='bbox 848 1849 1031 1937; x_wconf 86' lang='lat' dir='ltr'>usurpavit</span> <span class='ocrx_word' id='word_1_95' title='bbox 1051 1850 1116 1938; x_wconf 88' lang='lat' dir='ltr'>Ap.</span> <span class='ocrx_word' id='word_1_96' title='bbox 1139 1849 1264 1942; x_wconf 69' lang='lat' dir='ltr'>Home</span> 
     </span>
     <span class='ocr_line' id='line_1_14' title="bbox 176 1965 1262 2054; baseline -0.001 -20"><span class='ocrx_word' id='word_1_97' title='bbox 176 1966 247 2036; x_wconf 82' lang='lat' dir='ltr'>rica</span> <span class='ocrx_word' id='word_1_98' title='bbox 262 1966 314 2050; x_wconf 82' lang='lat'>90,</span> <span class='ocrx_word' id='word_1_99' title='bbox 339 1969 380 2034; x_wconf 88' lang='lat' dir='ltr'>ab</span> <span class='ocrx_word' id='word_1_100' title='bbox 396 1965 541 2033; x_wconf 89' lang='lat' dir='ltr'>Homero</span> <span class='ocrx_word' id='word_1_101' title='bbox 566 1966 676 2033; x_wconf 88' lang='lat' dir='ltr'>aliena</span> <span class='ocrx_word' id='word_1_102' title='bbox 690 1966 741 2048; x_wconf 81' lang='lat'>59,</span> <span class='ocrx_word' id='word_1_103' title='bbox 767 1989 808 2032; x_wconf 84' lang='lat' dir='ltr'>ex</span> <span class='ocrx_word' id='word_1_104' title='bbox 823 1966 942 2054; x_wconf 87' lang='lat' dir='ltr'>quibus</span> <span class='ocrx_word' id='word_1_105' title='bbox 957 1966 1031 2054; x_wconf 89' lang='lat' dir='ltr'>ipse</span> <span class='ocrx_word' id='word_1_106' title='bbox 1045 1967 1188 2035; x_wconf 89' lang='lat' dir='ltr'>novavit</span> <span class='ocrx_word' id='word_1_107' title='bbox 1202 1967 1262 2054; x_wconf 75' lang='lat'>423</span> 
     </span>
     <span class='ocr_line' id='line_1_15' title="bbox 176 2081 1262 2169; baseline 0 -21"><span class='ocrx_word' id='word_1_108' title='bbox 176 2081 278 2149; x_wconf 89' lang='lat' dir='ltr'>iidem</span> <span class='ocrx_word' id='word_1_109' title='bbox 292 2081 425 2149; x_wconf 89' lang='lat' dir='ltr'>numeri</span> <span class='ocrx_word' id='word_1_110' title='bbox 440 2082 532 2150; x_wconf 80' lang='lat' dir='ltr'>vocis</span> <span class='ocrx_word' id='word_1_111' title='bbox 555 2083 631 2148; x_wconf 80' lang='grc' dir='ltr'><strong><em>ἀνα·</em></strong></span> <span class='ocrx_word' id='word_1_112' title='bbox 655 2084 734 2149; x_wconf 88' lang='lat' dir='ltr'>sunt</span> <span class='ocrx_word' id='word_1_113' title='bbox 750 2082 860 2148; x_wconf 84' lang='lat'>41:35</span> <span class='ocrx_word' id='word_1_114' title='bbox 870 2107 877 2148; x_wconf 93' lang='lat'>:</span> <span class='ocrx_word' id='word_1_115' title='bbox 887 2082 944 2165; x_wconf 88' lang='lat'>11;</span> <span class='ocrx_word' id='word_1_116' title='bbox 969 2081 1049 2151; x_wconf 80' lang='grc' dir='ltr'><strong><em>ἀτο-</em></strong></span> <span class='ocrx_word' id='word_1_117' title='bbox 1063 2083 1262 2169; x_wconf 80' lang='lat'>48:24:12;</span> 
     </span>
     <span class='ocr_line' id='line_1_16' title="bbox 178 2199 1264 2288; baseline 0 -22"><span class='ocrx_word' id='word_1_118' title='bbox 178 2201 248 2266; x_wconf 74' lang='grc' dir='ltr'><em>δια·</em></span> <span class='ocrx_word' id='word_1_119' title='bbox 280 2199 456 2285; x_wconf 80' lang='lat'>21:19:9;</span> <span class='ocrx_word' id='word_1_120' title='bbox 481 2217 569 2284; x_wconf 86' lang='grc' dir='ltr'><strong><em>συν-,</em></strong></span> <span class='ocrx_word' id='word_1_121' title='bbox 604 2221 704 2286; x_wconf 88' lang='lat' dir='ltr'>quam</span> <span class='ocrx_word' id='word_1_122' title='bbox 737 2221 851 2267; x_wconf 88' lang='lat' dir='ltr'>vocem</span> <span class='ocrx_word' id='word_1_123' title='bbox 885 2199 993 2286; x_wconf 83' lang='lat' dir='ltr'>magis</span> <span class='ocrx_word' id='word_1_124' title='bbox 1026 2199 1199 2288; x_wconf 84' lang='lat' dir='ltr'>magisque</span> <span class='ocrx_word' id='word_1_125' title='bbox 1227 2199 1264 2266; x_wconf 94' lang='lat' dir='ltr'>in</span> 
     </span>
     <span class='ocr_line' id='line_1_17' title="bbox 177 2305 1212 2404; baseline -0.002 -20"><span class='ocrx_word' id='word_1_126' title='bbox 177 2315 289 2385; x_wconf 83' lang='lat' dir='ltr'>verbis</span> <span class='ocrx_word' id='word_1_127' title='bbox 313 2315 547 2404; x_wconf 81' lang='lat' dir='ltr'>componendis</span> <span class='ocrx_word' id='word_1_128' title='bbox 570 2315 756 2383; x_wconf 83' lang='lat' dir='ltr'>adhibitam</span> <span class='ocrx_word' id='word_1_129' title='bbox 778 2305 850 2383; x_wconf 80' lang='lat' dir='ltr'>esse</span> <span class='ocrx_word' id='word_1_130' title='bbox 872 2315 1002 2400; x_wconf 85' lang='lat' dir='ltr'>seimus,</span> <span class='ocrx_word' id='word_1_131' title='bbox 1027 2316 1212 2383; x_wconf 75' lang='lat'>12:19210.</span> 
     </span>
    </p>

    <p class='ocr_par' dir='ltr' id='par_1_3' title="bbox 180 2431 1295 3455">
     <span class='ocr_line' id='line_1_18' title="bbox 180 2431 1264 2517; baseline 0.002 -19"><span class='ocrx_word' id='word_1_132' title='bbox 180 2493 184 2498; x_wconf 82' lang='grc'>,</span> <span class='ocrx_word' id='word_1_133' title='bbox 220 2478 222 2482; x_wconf 91' lang='grc'>-</span> <span class='ocrx_word' id='word_1_134' title='bbox 267 2432 335 2501; x_wconf 84' lang='lat' dir='ltr'>Sed</span> <span class='ocrx_word' id='word_1_135' title='bbox 357 2455 431 2500; x_wconf 86' lang='lat' dir='ltr'>cum</span> <span class='ocrx_word' id='word_1_136' title='bbox 461 2432 542 2517; x_wconf 84' lang='grc' dir='ltr'><strong><em>μετά</em></strong></span> <span class='ocrx_word' id='word_1_137' title='bbox 571 2454 677 2499; x_wconf 88' lang='lat' dir='ltr'>novas</span> <span class='ocrx_word' id='word_1_138' title='bbox 700 2432 950 2500; x_wconf 81' lang='lat' dir='ltr'>coniunctiones</span> <span class='ocrx_word' id='word_1_139' title='bbox 972 2454 1040 2498; x_wconf 91' lang='lat' dir='ltr'>non</span> <span class='ocrx_word' id='word_1_140' title='bbox 1061 2432 1129 2499; x_wconf 93' lang='lat' dir='ltr'>iam</span> <span class='ocrx_word' id='word_1_141' title='bbox 1150 2431 1264 2500; x_wconf 86' lang='lat' dir='ltr'>iniisse</span> 
     </span>
     <span class='ocr_line' id='line_1_19' title="bbox 181 2547 1266 2638; baseline 0.003 -23"><span class='ocrx_word' id='word_1_142' title='bbox 181 2547 305 2633; x_wconf 82' lang='lat' dir='ltr'>dicant,</span> <span class='ocrx_word' id='word_1_143' title='bbox 341 2549 430 2638; x_wconf 88' lang='lat' dir='ltr'>apud</span> <span class='ocrx_word' id='word_1_144' title='bbox 458 2547 677 2637; x_wconf 89' lang='lat' dir='ltr'>Apollonium</span> <span class='ocrx_word' id='word_1_145' title='bbox 710 2549 803 2616; x_wconf 91' lang='lat' dir='ltr'>inter</span> <span class='ocrx_word' id='word_1_146' title='bbox 834 2549 876 2616; x_wconf 81' lang='grc'>28</span> <span class='ocrx_word' id='word_1_147' title='bbox 898 2571 920 2616; x_wconf 87' lang='lat' dir='ltr'>a</span> <span class='ocrx_word' id='word_1_148' title='bbox 941 2573 1035 2634; x_wconf 83' lang='grc' dir='ltr'><strong><em>μετα·</em></strong></span> <span class='ocrx_word' id='word_1_149' title='bbox 1069 2547 1266 2637; x_wconf 84' lang='lat' dir='ltr'>incipientia</span> 
     </span>
     <span class='ocr_line' id='line_1_20' title="bbox 181 2665 1265 2755; baseline 0.001 -21"><span class='ocrx_word' id='word_1_150' title='bbox 181 2666 366 2755; x_wconf 82' lang='lat' dir='ltr'>composita</span> <span class='ocrx_word' id='word_1_151' title='bbox 398 2688 519 2734; x_wconf 83' lang='lat' dir='ltr'>novem</span> <span class='ocrx_word' id='word_1_152' title='bbox 553 2688 638 2753; x_wconf 89' lang='lat' dir='ltr'>quae</span> <span class='ocrx_word' id='word_1_153' title='bbox 679 2689 746 2732; x_wconf 91' lang='lat' dir='ltr'>non</span> <span class='ocrx_word' id='word_1_154' title='bbox 790 2667 869 2733; x_wconf 90' lang='lat' dir='ltr'>sunt</span> <span class='ocrx_word' id='word_1_155' title='bbox 902 2665 1081 2733; x_wconf 83' lang='lat' dir='ltr'>Homerica</span> <span class='ocrx_word' id='word_1_156' title='bbox 1118 2668 1265 2735; x_wconf 85' lang='lat' dir='ltr'>exstant.</span> 
     </span>
     <span class='ocr_line' id='line_1_21' title="bbox 182 2781 1266 2871; baseline 0 -21"><span class='ocrx_word' id='word_1_157' title='bbox 182 2781 277 2867; x_wconf 77' lang='lat' dir='ltr'>Quae</span> <span class='ocrx_word' id='word_1_158' title='bbox 307 2783 401 2850; x_wconf 86' lang='lat' dir='ltr'>inter</span> <span class='ocrx_word' id='word_1_159' title='bbox 438 2806 473 2850; x_wconf 89' lang='lat' dir='ltr'>se</span> <span class='ocrx_word' id='word_1_160' title='bbox 511 2805 700 2871; x_wconf 86' lang='lat' dir='ltr'>repugnare</span> <span class='ocrx_word' id='word_1_161' title='bbox 738 2782 907 2851; x_wconf 84' lang='lat' dir='ltr'>videntur.</span> <span class='ocrx_word' id='word_1_162' title='bbox 966 2782 1033 2851; x_wconf 87' lang='lat' dir='ltr'>Sed</span> <span class='ocrx_word' id='word_1_163' title='bbox 1064 2783 1266 2870; x_wconf 84' lang='lat' dir='ltr'>Apollonius</span> 
     </span>
     <span class='ocr_line' id='line_1_22' title="bbox 181 2899 1268 2989; baseline 0 -22"><span class='ocrx_word' id='word_1_164' title='bbox 181 2899 263 2988; x_wconf 89' lang='lat' dir='ltr'>ipse,</span> <span class='ocrx_word' id='word_1_165' title='bbox 293 2900 352 2988; x_wconf 91' lang='lat' dir='ltr'>qui</span> <span class='ocrx_word' id='word_1_166' title='bbox 373 2901 456 2985; x_wconf 81' lang='grc' dir='ltr'><strong><em>μετά</em></strong></span> <span class='ocrx_word' id='word_1_167' title='bbox 480 2899 570 2988; x_wconf 90' lang='lat' dir='ltr'>apud</span> <span class='ocrx_word' id='word_1_168' title='bbox 590 2899 774 2968; x_wconf 89' lang='lat' dir='ltr'>Homerum</span> <span class='ocrx_word' id='word_1_169' title='bbox 802 2899 980 2989; x_wconf 88' lang='lat' dir='ltr'>permultis</span> <span class='ocrx_word' id='word_1_170' title='bbox 1008 2899 1091 2968; x_wconf 85' lang='lat' dir='ltr'>loeis</span> <span class='ocrx_word' id='word_1_171' title='bbox 1120 2922 1181 2988; x_wconf 88' lang='lat' dir='ltr'>pro</span> <span class='ocrx_word' id='word_1_172' title='bbox 1214 2899 1268 2967; x_wconf 89' lang='lat' dir='ltr'>sui</span> 
     </span>
     <span class='ocr_line' id='line_1_23' title="bbox 181 3009 1295 3105; baseline -0.001 -22"><span class='ocrx_word' id='word_1_173' title='bbox 181 3015 287 3105; x_wconf 88' lang='lat' dir='ltr'>ipsius</span> <span class='ocrx_word' id='word_1_174' title='bbox 303 3016 466 3085; x_wconf 88' lang='lat' dir='ltr'>sermonis</span> <span class='ocrx_word' id='word_1_175' title='bbox 482 3039 565 3086; x_wconf 82' lang='lat' dir='ltr'>voce</span> <span class='ocrx_word' id='word_1_176' title='bbox 580 3018 644 3083; x_wconf 81' lang='grc' dir='ltr'>σύν</span> <span class='ocrx_word' id='word_1_177' title='bbox 659 3017 806 3105; x_wconf 88' lang='lat' dir='ltr'>positum</span> <span class='ocrx_word' id='word_1_178' title='bbox 821 3039 893 3085; x_wconf 89' lang='lat' dir='ltr'>esse</span> <span class='ocrx_word' id='word_1_179' title='bbox 907 3016 998 3084; x_wconf 86' lang='lat' dir='ltr'>haud</span> <span class='ocrx_word' id='word_1_180' title='bbox 1017 3017 1201 3105; x_wconf 85' lang='lat' dir='ltr'>ignoraret,</span> <span class='ocrx_word' id='word_1_181' title='bbox 1225 3038 1267 3083; x_wconf 82' lang='lat' dir='ltr'>ex</span> <span class='ocrx_word' id='word_1_182' title='bbox 1290 3009 1295 3019; x_wconf 81' lang='grc'><strong>’</strong></span> 
     </span>
     <span class='ocr_line' id='line_1_24' title="bbox 181 3132 1266 3219; baseline -0.002 -19"><span class='ocrx_word' id='word_1_183' title='bbox 181 3132 242 3201; x_wconf 88' lang='lat' dir='ltr'>illo</span> <span class='ocrx_word' id='word_1_184' title='bbox 256 3155 394 3201; x_wconf 90' lang='lat' dir='ltr'>numero</span> <span class='ocrx_word' id='word_1_185' title='bbox 411 3136 487 3202; x_wconf 88' lang='lat' dir='ltr'>ooto</span> <span class='ocrx_word' id='word_1_186' title='bbox 502 3134 659 3202; x_wconf 84' lang='lat' dir='ltr'>novavit:</span> <span class='ocrx_word' id='word_1_187' title='bbox 684 3137 863 3218; x_wconf 85' lang='grc' dir='ltr'><strong><em>μετακλείω</em></strong></span> <span class='ocrx_word' id='word_1_188' title='bbox 879 3134 926 3218; x_wconf 88' lang='grc' dir='ltr'>Π,</span> <span class='ocrx_word' id='word_1_189' title='bbox 938 3133 1002 3200; x_wconf 79' lang='lat'>296</span> <span class='ocrx_word' id='word_1_190' title='bbox 1015 3132 1266 3219; x_wconf 78' lang='grc' dir='ltr'><strong><em>(μετονομάζω);</em></strong></span> 
     </span>
     <span class='ocr_line' id='line_1_25' title="bbox 182 3249 1267 3339; baseline 0 -22"><span class='ocrx_word' id='word_1_191' title='bbox 182 3251 393 3337; x_wconf 77' lang='grc' dir='ltr'><strong><em>μεταλδήσκω</em></strong></span> <span class='ocrx_word' id='word_1_192' title='bbox 415 3251 481 3334; x_wconf 87' lang='grc' dir='ltr'>ΠΙ,</span> <span class='ocrx_word' id='word_1_193' title='bbox 505 3251 586 3338; x_wconf 83' lang='grc'>414;</span> <span class='ocrx_word' id='word_1_194' title='bbox 610 3249 875 3339; x_wconf 81' lang='grc' dir='ltr'><strong><em>μετατρέφεσθαι</em></strong></span> <span class='ocrx_word' id='word_1_195' title='bbox 898 3251 1188 3338; x_wconf 77' lang='grc' dir='ltr'><strong><em>(συντρέφεσθαι);</em></strong></span> <span class='ocrx_word' id='word_1_196' title='bbox 1212 3273 1267 3335; x_wconf 84' lang='grc' dir='ltr'>με·</span> 
     </span>
     <span class='ocr_line' id='line_1_26' title="bbox 183 3366 1268 3455; baseline -0.002 -21"><span class='ocrx_word' id='word_1_197' title='bbox 183 3367 341 3455; x_wconf 65' lang='lat' dir='ltr'>salapia</span> <span class='ocrx_word' id='word_1_198' title='bbox 364 3367 391 3450; x_wconf 91' lang='lat'>1,</span> <span class='ocrx_word' id='word_1_199' title='bbox 417 3368 517 3454; x_wconf 78' lang='lat'>11613</span> <span class='ocrx_word' id='word_1_200' title='bbox 551 3368 865 3454; x_wconf 80' lang='grc' dir='ltr'><strong><em>μετατατφάσσοματ</em></strong></span> <span class='ocrx_word' id='word_1_201' title='bbox 887 3367 952 3450; x_wconf 85' lang='grc' dir='ltr'>ΠΙ,</span> <span class='ocrx_word' id='word_1_202' title='bbox 980 3366 1081 3452; x_wconf 83' lang='grc'>1266;</span> <span class='ocrx_word' id='word_1_203' title='bbox 1105 3391 1268 3452; x_wconf 70' lang='lat' dir='ltr'>perasper-</span> 
     </span>
    </p>
   </div>
   <div class='ocr_carea' id='block_1_3' title="bbox 34 3483 1269 3571">
    <p class='ocr_par' dir='ltr' id='par_1_4' title="bbox 34 3483 1269 3571">
     <span class='ocr_line' id='line_1_27' title="bbox 34 3483 1269 3571; baseline 0.002 -21"><span class='ocrx_word' id='word_1_204' title='bbox 34 3486 38 3491; x_wconf 74' lang='grc'><strong>’</strong></span> <span class='ocrx_word' id='word_1_205' title='bbox 183 3483 259 3551; x_wconf 79' lang='grc' dir='ltr'>σάω</span> <span class='ocrx_word' id='word_1_206' title='bbox 275 3484 342 3568; x_wconf 82' lang='grc' dir='ltr'>ΙΠ,</span> <span class='ocrx_word' id='word_1_207' title='bbox 360 3485 438 3570; x_wconf 82' lang='grc'>297;</span> <span class='ocrx_word' id='word_1_208' title='bbox 464 3484 684 3571; x_wconf 71' lang='grc' dir='ltr'><strong><em>μεταχοὲζοματ</em></strong></span> <span class='ocrx_word' id='word_1_209' title='bbox 705 3484 869 3570; x_wconf 81' lang='lat'><strong>111‚436;</strong></span> <span class='ocrx_word' id='word_1_210' title='bbox 892 3483 1080 3570; x_wconf 81' lang='grc' dir='ltr'><strong><em>μετεννέπω</em></strong></span> <span class='ocrx_word' id='word_1_211' title='bbox 1103 3483 1166 3568; x_wconf 87' lang='grc' dir='ltr'>ΙΠ,</span> <span class='ocrx_word' id='word_1_212' title='bbox 1184 3483 1269 3552; x_wconf 86' lang='grc'>1168</span> 
     </span>
    </p>
   </div>
   <div class='ocr_carea' id='block_1_4' title="bbox 183 3600 1268 3690">
    <p class='ocr_par' dir='ltr' id='par_1_5' title="bbox 183 3600 1268 3690">
     <span class='ocr_line' id='line_1_28' title="bbox 183 3600 1268 3690; baseline -0.002 -20"><span class='ocrx_word' id='word_1_213' title='bbox 183 3601 240 3690; x_wconf 73' lang='lat' dir='ltr'>(ef.</span> <span class='ocrx_word' id='word_1_214' title='bbox 266 3601 392 3670; x_wconf 74' lang='lat' dir='ltr'>Mosen.</span> <span class='ocrx_word' id='word_1_215' title='bbox 415 3604 498 3689; x_wconf 82' lang='grc' dir='ltr'><strong><em>Εὐρ.</em></strong></span> <span class='ocrx_word' id='word_1_216' title='bbox 523 3601 616 3688; x_wconf 84' lang='lat'>101);</span> <span class='ocrx_word' id='word_1_217' title='bbox 652 3624 738 3690; x_wconf 88' lang='lat' dir='ltr'>quae</span> <span class='ocrx_word' id='word_1_218' title='bbox 760 3601 871 3670; x_wconf 87' lang='lat' dir='ltr'>omnia</span> <span class='ocrx_word' id='word_1_219' title='bbox 891 3601 1025 3689; x_wconf 83' lang='lat' dir='ltr'>poetica</span> <span class='ocrx_word' id='word_1_220' title='bbox 1047 3623 1120 3669; x_wconf 88' lang='lat' dir='ltr'>esse</span> <span class='ocrx_word' id='word_1_221' title='bbox 1143 3600 1268 3688; x_wconf 81' lang='lat' dir='ltr'>elucet3</span> 
     </span>
    </p>
   </div>
   <div class='ocr_carea' id='block_1_5' title="bbox 185 3716 1275 4252">
    <p class='ocr_par' dir='ltr' id='par_1_6' title="bbox 185 3716 1270 3806">
     <span class='ocr_line' id='line_1_29' title="bbox 185 3716 1270 3806; baseline 0 -22"><span class='ocrx_word' id='word_1_222' title='bbox 185 3718 273 3806; x_wconf 90' lang='lat' dir='ltr'>quod</span> <span class='ocrx_word' id='word_1_223' title='bbox 304 3720 416 3788; x_wconf 85' lang='lat' dir='ltr'>restet</span> <span class='ocrx_word' id='word_1_224' title='bbox 446 3742 548 3786; x_wconf 89' lang='lat' dir='ltr'>unum</span> <span class='ocrx_word' id='word_1_225' title='bbox 580 3717 752 3804; x_wconf 78' lang='grc' dir='ltr'><strong><em>μετέστιχε</em></strong></span> <span class='ocrx_word' id='word_1_226' title='bbox 778 3717 845 3802; x_wconf 90' lang='grc' dir='ltr'>ΙΠ,</span> <span class='ocrx_word' id='word_1_227' title='bbox 868 3717 930 3785; x_wconf 83' lang='grc'>451</span> <span class='ocrx_word' id='word_1_228' title='bbox 956 3720 998 3786; x_wconf 90' lang='lat' dir='ltr'>ab</span> <span class='ocrx_word' id='word_1_229' title='bbox 1031 3716 1107 3784; x_wconf 89' lang='lat' dir='ltr'>aliis</span> <span class='ocrx_word' id='word_1_230' title='bbox 1138 3738 1270 3805; x_wconf 88' lang='lat' dir='ltr'>quoque</span> 
     </span>
    </p>

    <p class='ocr_par' dir='ltr' id='par_1_7' title="bbox 185 3835 1265 3923">
     <span class='ocr_line' id='line_1_30' title="bbox 185 3835 1265 3923; baseline 0 -21"><span class='ocrx_word' id='word_1_231' title='bbox 185 3835 296 3923; x_wconf 92' lang='lat' dir='ltr'>poetis</span> <span class='ocrx_word' id='word_1_232' title='bbox 319 3835 507 3904; x_wconf 88' lang='lat' dir='ltr'>adhibitum</span> <span class='ocrx_word' id='word_1_233' title='bbox 529 3839 590 3904; x_wconf 86' lang='lat' dir='ltr'>est.</span> <span class='ocrx_word' id='word_1_234' title='bbox 1020 3849 1024 3860; x_wconf 89' lang='grc'>’</span> <span class='ocrx_word' id='word_1_235' title='bbox 1084 3851 1086 3855; x_wconf 69' lang='lat'><strong><em>‘</em></strong></span> <span class='ocrx_word' id='word_1_236' title='bbox 1263 3870 1265 3875; x_wconf 89' lang='lat'><em>·</em></span> 
     </span>
    </p>

    <p class='ocr_par' dir='ltr' id='par_1_8' title="bbox 250 3933 1275 4037">
     <span class='ocr_line' id='line_1_31' title="bbox 250 3933 1275 4037; baseline -0.004 -18"><span class='ocrx_word' id='word_1_237' title='bbox 250 3934 326 4020; x_wconf 33' lang='lat' dir='ltr'>‘Ao</span> <span class='ocrx_word' id='word_1_238' title='bbox 352 3933 511 4021; x_wconf 88' lang='lat' dir='ltr'>similiter</span> <span class='ocrx_word' id='word_1_239' title='bbox 542 3975 612 4020; x_wconf 90' lang='lat' dir='ltr'>rem</span> <span class='ocrx_word' id='word_1_240' title='bbox 646 3975 681 4020; x_wconf 92' lang='lat' dir='ltr'>se</span> <span class='ocrx_word' id='word_1_241' title='bbox 703 3952 739 4020; x_wconf 89' lang='lat' dir='ltr'>in</span> <span class='ocrx_word' id='word_1_242' title='bbox 761 3952 872 4020; x_wconf 89' lang='lat' dir='ltr'>verbis</span> <span class='ocrx_word' id='word_1_243' title='bbox 896 3974 970 4019; x_wconf 89' lang='lat' dir='ltr'>oum</span> <span class='ocrx_word' id='word_1_244' title='bbox 1000 3949 1163 4020; x_wconf 75' lang='lat' dir='ltr'>vocabulo</span> <span class='ocrx_word' id='word_1_245' title='bbox 1186 3950 1275 4037; x_wconf 79' lang='grc' dir='ltr'><em>ἀμφί</em></span> 
     </span>
    </p>

    <p class='ocr_par' dir='ltr' id='par_1_9' title="bbox 191 4067 1273 4252">
     <span class='ocr_line' id='line_1_32' title="bbox 191 4067 1273 4158; baseline -0.002 -22"><span class='ocrx_word' id='word_1_246' title='bbox 191 4069 385 4158; x_wconf 79' lang='lat' dir='ltr'>compositis</span> <span class='ocrx_word' id='word_1_247' title='bbox 408 4069 533 4139; x_wconf 89' lang='lat' dir='ltr'>habere</span> <span class='ocrx_word' id='word_1_248' title='bbox 555 4068 656 4137; x_wconf 80' lang='lat' dir='ltr'>facile</span> <span class='ocrx_word' id='word_1_249' title='bbox 679 4069 907 4158; x_wconf 81' lang='lat' dir='ltr'>cognoscimus</span> <span class='ocrx_word' id='word_1_250' title='bbox 914 4091 922 4155; x_wconf 88' lang='lat'>;</span> <span class='ocrx_word' id='word_1_251' title='bbox 952 4071 993 4135; x_wconf 88' lang='lat' dir='ltr'>ut</span> <span class='ocrx_word' id='word_1_252' title='bbox 1014 4067 1102 4136; x_wconf 88' lang='lat' dir='ltr'>enim</span> <span class='ocrx_word' id='word_1_253' title='bbox 1123 4090 1185 4156; x_wconf 91' lang='lat' dir='ltr'>pro</span> <span class='ocrx_word' id='word_1_254' title='bbox 1209 4067 1273 4134; x_wconf 80' lang='grc' dir='ltr'>σύν</span> 
     </span>
     <span class='ocr_line' id='line_1_33' title="bbox 993 4185 1063 4252; baseline 0 0"><span class='ocrx_word' id='word_1_255' title='bbox 993 4215 997 4224; x_wconf 61' lang='grc'><strong>’</strong></span> <span class='ocrx_word' id='word_1_256' title='bbox 1040 4185 1063 4252; x_wconf 83' lang='grc'>5</span> 
     </span>
    </p>
   </div>
   <div class='ocr_carea' id='block_1_6' title="bbox 0 0 1544 5010">
    <p class='ocr_par' dir='ltr' id='par_1_10' title="bbox 0 0 1544 5010">
     <span class='ocr_line' id='line_1_34' title="bbox 0 0 1544 5010; baseline 0 0"><span class='ocrx_word' id='word_1_257' title='bbox 0 0 1544 5010; x_wconf 95' lang='lat' dir='ltr'> </span> 
     </span>
    </p>
   </div>
  </div>
 </body>
</html>
