3054 5010
755 414 798 480 37

232 600 292 658 τοῦ
316 592 558 676 στερίσκεσθαι,
590 588 674 655 ἀλλὰ
700 586 754 654 oe
783 595 843 654 τοῦ
872 584 1064 672 μέμφεσθαι
1086 586 1235 670 ἥκουσαν
1258 583 1314 673 (si-

231 707 359 775 militer
382 705 425 773 ad
447 706 495 790 Π,
520 705 642 792 1206)3

198 885 200 889 .
317 823 468 891 Verbum
490 825 604 890 autem
627 824 775 888 σώεσθαι
797 859 840 869 -
861 819 908 905 Π,
926 818 1011 886 1009
1035 820 1219 904 Γενηταίου
1230 820 1315 897 Διὸς

228 944 333 1028 ἄκρην
367 941 578 1025 γνάμψαντες
612 941 740 1006 σώοντο
775 935 876 1024 παρὲξ
902 937 1108 1022 Τιβαρηνίδα
1146 946 1245 1020 γαῖαν
1277 938 1313 1003 et

229 1057 295 1142 ΙΙΙ,
312 1059 376 1124 307
408 1053 449 1142 ἦέ
475 1081 525 1134 τις
550 1058 611 1141 ἄτη
637 1056 640 1143 l
667 1053 849 1139 σωομένοις
874 1056 1042 1139 μεσσηγὺς
1072 1051 1248 1119 ἐνέκλασεν
1272 1091 1311 1103 -

228 1178 269 1242 ut
291 1173 517 1262 significatum
538 1171 682 1240 vehendi
711 1170 894 1258 navigandi
917 1169 1122 1259 properandi
1143 1169 1310 1255 indueret,

229 1293 384 1360 effectum
421 1289 558 1359 videtur
595 1288 742 1357 confusis
788 1287 903 1356 formis
942 1287 1129 1356 Homericis
1168 1289 1310 1366 σώοντες

228 1409 336 1492 ι430,
370 1409 517 1476 σώεσκον
541 1413 569 1474 Θ
592 1406 655 1473 363
678 1409 715 1475 et
735 1408 840 1475 verbo
863 1404 977 1472 dorico
1010 1417 1128 1491 σώμαι,
1161 1405 1250 1494 quod
1273 1405 1309 1472 in

121 1601 123 1604 .
226 1525 364 1614 Epilyci
392 1523 562 1592 comoedia
588 1524 721 1592 invenit
748 1521 945 1591 Athenaeus
976 1521 1236 1608 1V‚140a(=
1262 1523 1307 1588 fr.

226 1643 254 1728 I,
279 1643 343 1710 803
365 1640 486 1728 Kook),
517 1641 610 1709 cuius
640 1641 737 1709 verbi
765 1639 895 1708 formae
913 1639 1050 1739 atticae
1080 1649 1152 1724 σοῦ,
1183 1646 1310 1707 σοῦσθε

225 1760 375 1828 usitatae
398 1761 507 1827 erant.

312 1876 441 1945 Crebro
457 1878 571 1944 autem
585 1875 714 1944 factum
729 1897 803 1944 esso
818 1874 1034 1943 manifestum
1057 1877 1121 1958 est,
1143 1877 1184 1942 ut
1204 1880 1308 1963 poeta
1339 1858 1422 1944 313·

225 1994 344 2062 doctus
379 1993 567 2082 veriloquio
610 1994 718 2082 magis
752 2015 851 2082 quam
893 1993 1141 2062 sententiarum
1174 2014 1302 2061 conexu

223 2111 352 2179 innisus
375 2110 529 2178 obsoleta
552 2111 717 2178 vocabula
747 2110 924 2199 reciperet.
970 2110 1089 2200 Neque
1112 2116 1227 2179 temen
1249 2133 1305 2178 ne-

223 2227 418 2317 gligendum
447 2230 500 2296 est
531 2228 657 2314 ῥήματα
681 2231 717 2295 et
739 2226 876 2315 linguae
907 2232 1040 2316 partem
1072 2249 1144 2296 esse
1173 2226 1307 2295 minime

223 2344 419 2414 mutabilem
443 2347 479 2412 et
501 2344 644 2428 omnino,
668 2366 752 2433 quae
776 2344 822 2412 sit
836 2345 934 2413 verbi
956 2344 1097 2412 alicuius
1120 2343 1184 2428 vie,
1209 2367 1304 2412 accu-

223 2464 301 2530 rata
315 2461 601 2550 interpretatione
614 2461 750 2529 facilius
767 2460 923 2549 cognosci
937 2483 1033 2549 posse
1048 2483 1148 2550 quam
1162 2461 1307 2550 epitheti

222 2579 279 2646 vel
294 2577 501 2648 substantivi
516 2578 673 2647 inusitati
688 2577 868 2647 notionem.
891 2577 1080 2667 Utriusque
1091 2578 1143 2645 rei
1154 2579 1306 2668 exempla

222 2696 421 2764 afferentur.

307 2813 520 2882 Homericam
552 2835 666 2882 vocem
697 2813 823 2894 ἔξαιτος
853 2815 974 2902 (6307
1005 2812 1116 2898 ἐρέτας
1138 2813 1303 2902 έξαίτονς;

221 2935 261 2996 Μ
281 2931 346 2997 320
377 2923 468 3008 οἶνος
499 2930 642 3016 ἔξαιτος;
687 2931 798 3016 ε102,
822 2956 840 2998 τ
865 2932 928 2999 366
960 2929 1156 3018 ἑκατόμβας)
1188 2931 1302 3019 Apoll.

220 3071 280 3135 pro
297 3069 335 3114 eo
352 3046 442 3135 quod
457 3050 509 3115 est
530 3047 725 3136 postulatus
743 3048 887 3137 accepit:
911 3050 973 3133 IV,
990 3050 1075 3116 1004
1096 3051 1253 3135 Μήδειαν
1272 3049 1302 3115 δ’

220 3163 348 3244 ἔξαιτον
378 3163 436 3231 έοῦ
466 3163 500 3242 ἐς
531 3167 655 3251 πατρὸς
684 3167 838 3251 ἄγεσθαι,
872 3166 951 3254 quie
987 3166 1059 3234 sine
1095 3166 1195 3234 dubio
1229 3189 1304 3234 cum

219 3282 323 3348 verbo
347 3280 486 3362 ἐξαιτεῖν
510 3281 744 3369 coniungebat,
777 3282 866 3371 quod
889 3305 915 3350 e.
937 3305 991 3371 gr.
1015 3283 1097 3352 Hdt.
1122 3284 1149 3367 Ι,
1174 3283 1218 3350 74
1241 3285 1303 3351 οὐκ

219 3396 334 3465 ἐδίδου
357 3396 535 3477 ἐξαιτέοντι
558 3401 683 3466 exstet.

306 3514 368 3598 IV,
385 3515 448 3581 231
473 3518 504 3582 εί
525 3519 571 3600 μή
594 3517 630 3581 oi
648 3517 775 3603 κούρην
798 3517 1001 3603 αὐτάγρετον
1023 3556 1066 3566 -
1088 3556 1132 3566 -
1154 3518 1302 3604 ἄξουσιν,

217 3670 260 3679 -
276 3669 320 3679 -
335 3633 516 3718 δαήσονται
538 3638 722 3718 κεφαλῇσιν
735 3634 740 3722 λ
753 3634 860 3700 πάντα
882 3636 993 3720 χόλον,
1017 3634 1076 3702 ubi
1100 3635 1303 3721 αὐτάγρετον

217 3747 258 3814 de
274 3748 389 3834 ἀγροῖο
405 3752 573 3837 „capere“‚
598 3750 791 3818 derivatum
807 3755 869 3836 est,
894 3774 993 3840 quam
1008 3752 1076 3820 vim
1088 3751 1180 3820 illius
1203 3753 1301 3822 verbi

217 3886 289 3932 esse
312 3887 330 3932 e
353 3866 556 3954 compositis,
589 3866 687 3935 velut
710 3867 849 3955 ζογρέο,
881 3869 1082 3956 βαλανάγρα,
1117 3871 1148 3938 ei
1171 3893 1300 3960 quoque

216 3985 384 4050 noverant
408 3981 527 4070 quibus
546 3984 685 4052 verbum
707 3984 816 4073 ipsum
837 3985 1039 4054 inusitatum
1062 3989 1148 4054 erat.
1194 3988 1301 4056 Aliud

216 4100 330 4165 autem
364 4098 535 4186 significat
569 4099 727 4185 Homero,
762 4123 786 4167 τ
809 4101 873 4168 148
916 4105 948 4169 εί
980 4103 1043 4191 γάρ
1067 4125 1137 4182 τοις
1158 4106 1211 4190 εἴη
1242 4106 1300 4173 αὐ-

215 4215 355 4300 τάγρετα
387 4215 494 4281 πάντα
524 4221 709 4303 βροτοῖσιν,
739 4221 873 4304 πρῶτόν
895 4243 953 4286 κεν
978 4258 1019 4268 -
1044 4219 1212 4306 ἑλοίμεθα,
1241 4223 1299 4290 ubi

216 4330 264 4399 sic
284 4331 463 4400 vertimus:
491 4333 539 4418 „si
553 4333 629 4402 fieri
643 4333 760 4421 possit,
783 4337 823 4403 ut
844 4335 912 4424 ipsi
931 4335 1078 4406 homines
1102 4337 1213 4407 omnia
1235 4338 1299 4408 sibi
