3054 5010
774 289 816 358 46

258 463 315 551 353
332 463 375 532 60
385 463 439 548 D„
454 461 665 532 Herodotum
680 463 719 549 V,
732 464 774 531 58
786 463 857 552 (ubi
871 462 1037 533 Henricus
1054 463 1152 534 Stein
1173 465 1339 554 poetieam

256 601 329 648 esse
351 603 466 649 vocem
497 580 695 667 contendit),
727 579 826 670 Soph.
856 580 911 648 Ai.
940 582 1021 667 715,
1053 580 1091 648 Ο.
1108 581 1145 648 O.
1171 582 1243 650 139.
1288 583 1340 651 At

256 695 343 764 alins
367 699 421 766 est
443 719 521 766 usus
536 696 845 766 Alexandrinorum
861 720 983 787 eosque
1004 698 1229 767 imitantium:
1253 699 1338 768 carl.

254 813 282 900 I,
306 815 366 882 39:
410 817 600 883 Καναώνων
633 817 846 902 πτολίεθρον,
876 817 893 882 ὃ
918 815 1085 904 Λέπρειον
1124 818 1337 904 πεφάτισται,

254 930 321 1020 Ap.
348 931 410 1018 IV,
438 933 502 1001 658
536 933 573 1000 ἐν
607 934 644 999 δὲ
678 934 779 1018 λιμὴν
806 933 950 1021 Ἀργῷος
976 933 1168 1020 ἐπωνυμίην
1176 934 1199 1021 1)
1233 936 1338 1022 πεφί-

253 1066 372 1136 τισται,
397 1049 425 1134 Ι,
443 1049 528 1116 1019
546 1047 633 1136 Ἱερὴ
655 1049 693 1116 δὲ
717 1051 882 1137 φατίζεται
905 1045 954 1134 ἧδ’
981 1052 1028 1117 ἔτι
1051 1051 1169 1137 πέτρη,
1195 1051 1238 1118 of.
1261 1050 1336 1118 Nio.

253 1166 296 1232 fr.
312 1167 365 1252 74,
382 1167 425 1234 30
448 1170 485 1235 et
507 1167 592 1256 Opp.
607 1165 686 1234 Hal.
708 1166 737 1252 I,
759 1167 833 1235 638.
879 1165 1028 1236 Videtur
1049 1168 1157 1256 igitur
1179 1169 1241 1236 hoo
1263 1191 1338 1238 vor-

252 1283 331 1350 bum
352 1283 388 1351 in
410 1287 529 1352 vetere
551 1282 632 1353 Iade
656 1283 830 1352 exstitisse
840 1281 874 1371 ²),
906 1282 1027 1353 deinde
1050 1307 1070 1352 a
1092 1284 1202 1373 poetis
1225 1307 1338 1373 reoep-
1363 1320 1365 1324 >

252 1402 325 1468 tum
359 1423 432 1470 esse
464 1400 602 1472 notione
635 1401 672 1468 in
705 1401 843 1470 eandem
876 1404 1011 1491 partem
1044 1401 1265 1492 amplificata,
1302 1403 1338 1469 in

252 1537 352 1605 quam
374 1519 491 1605 αὐδᾶν,
516 1525 608 1585 ἴσκεν
628 1519 778 1588 mutavit
800 1519 1010 1608 Apollonius.

339 1633 422 1701 Cum
444 1636 547 1704 verbo
571 1637 707 1723 εἰκάθω,
729 1635 819 1725 quod
838 1639 1089 1725 usurpaverunt
1104 1635 1205 1704 Plato
1229 1635 1268 1725 (e.
1283 1658 1337 1724 gr.

251 1750 352 1840 Apol.
363 1750 418 1840 32)
442 1755 478 1820 et
511 1751 692 1840 Sophocles
715 1752 850 1842 passim,
876 1752 966 1842 apud
980 1752 1199 1842 Apollonium
1221 1753 1248 1838 I,
1263 1753 1336 1837 505,

251 1866 299 1951 11,
323 1867 396 1951 790,
420 1867 488 1952 ΠΙ,
512 1867 575 1934 841
600 1869 757 1936 exstante
780 1867 1024 1957 comparandae
1047 1870 1128 1935 sunt
1145 1867 1234 1936 aliae
1249 1868 1336 1938 eius-

252 1983 327 2052 dem
348 1983 438 2052 modi
460 1983 595 2072 syllaba
618 1993 692 2052 -αθ-
716 1984 942 2073 amplificatae
972 1983 1110 2070 formae,
1145 2005 1231 2074 qnae
1261 2008 1336 2074 pro·

251 2102 346 2190 priae
361 2100 448 2191 epioi
463 2101 626 2170 sermonis
642 2102 736 2169 sunt:
752 2103 960 2186 μετεκίαθον,
977 2105 1122 2187 ἔργαθεν
1137 2104 1179 2170 ab
1188 2101 1336 2170 Homero

250 2218 500 2308 Apollonioque
523 2217 705 2286 adhibitae.
751 2217 909 2286 Ceterum
936 2218 1025 2287 tales
1053 2217 1245 2308 similesque
1267 2218 1336 2286 for·

252 2359 324 2406 mas
357 2336 535 2426 praecipue
568 2357 591 2404 a
621 2334 763 2424 tragicis
797 2337 941 2403 novatae
979 2357 1051 2403 esse
1087 2333 1203 2402 docuit
1233 2336 1335 2403 Butt-

253 2475 402 2538 mannus‚
428 2452 488 2523 Gr.
513 2452 591 2542 Spr.
614 2452 663 2538 ΙΙ,
686 2475 718 2540 p.
742 2453 782 2521 61
800 2474 843 2520 ss.

139 2572 233 2658 517.
340 2569 489 2638 Verbum
523 2569 661 2654 ἁμνίζω,
699 2591 773 2637 oum
805 2569 937 2637 omnino
972 2568 1142 2637 notionem
1180 2567 1337 2657 expiandi

252 2687 386 2772 habeat,
409 2689 523 2755 tamen
546 2689 587 2754 ab
605 2685 671 2776 Ap.
695 2686 833 2754 notione
855 2686 987 2754 rariore
1008 2684 1212 2769 immolandi,
1236 2707 1335 2774 qnam

252 2826 280 2872 e.
303 2827 353 2892 gr.
378 2803 478 2893 Soph.
502 2803 585 2871 Ant.
610 2803 683 2888 196,
714 2801 797 2871 Eur.
821 2803 937 2893 Suppl.
961 2803 1045 2870 1211
1077 2802 1238 2890 legimus,
1276 2801 1335 2871 ad·

251 2921 394 2990 bibitum
417 2924 486 2990 est:
509 2921 556 3004 H,
580 2922 644 2987 920
667 2923 809 3007 ἥγνισαν
832 2924 953 3007 ἔντομα
975 2923 1099 3007 μήλων.

338 3037 446 3107 Verbi
469 3039 548 3104 λλλω
570 3060 650 3106 usus
673 3035 920 3126 Apollonianus
942 3058 963 3104 a
985 3040 1177 3108 ceterorum
1198 3059 1333 3126 magno·

250 3177 332 3245 pere
361 3154 532 3243 discrepat
561 3175 670 3242 neque
700 3153 790 3222 unde
818 3153 936 3222 veniat
965 3153 1033 3222 dioi
1062 3156 1186 3242 potest.
1218 3153 1246 3237 Ι,
1271 3152 1334 3220 129

251 3274 385 3356 δεσμοῖς
401 3273 577 3355 ἰλλόμενον
600 3273 636 3337 et
657 3269 707 3352 II,
730 3269 816 3338 1249
840 3273 1013 3357 ἰλλόμενος
1034 3269 1213 3359 χαλκέῃσιν
1234 3275 1334 3340 ἀλνκ·

249 3387 430 3476 τοτέδῃσιν
445 3390 650 3476 Προμηθεύς
672 3387 843 3476 passivum
865 3387 933 3458 vim
949 3387 1128 3472 vinciendi,
1151 3386 1333 3476 colligandi

249 3504 374 3573 habere
396 3504 604 3573 luculentum
627 3507 689 3590 est,
722 3503 940 3595 quibuscum
961 3503 1044 3572 loeis
1068 3505 1153 3572 bene
1175 3503 1334 3591 congruit

249 3622 296 3709 H,
321 3624 371 3707 27,
403 3622 462 3690 ubi
484 3621 526 3690 de
552 3621 649 3690 leone
678 3621 857 3691 vulnerato
887 3618 1030 3691 dieitur:
1064 3621 1134 3688 ὅδ’
1161 3623 1334 3707 ἰλλόμενός

247 3807 454 3821 ——nnn—

340 3921 367 3990 1)
385 3919 431 3974 hio
456 3919 530 3975 vocis
560 3913 723 3990 ἐπωνυμίην
749 3933 815 3976 usus
842 3922 870 3974 et
896 3919 956 3993 ipse
984 3921 1026 3974 est
1048 3915 1235 3974 Herodoteus:
1265 3917 1331 3974 Hdt.

248 4019 339 4092 1,14;
357 4020 390 4090 V,
409 4023 452 4076 92.

337 4123 367 4194 2)
386 4123 587 4192 ιιαταφατίζειν
599 4122 715 4178 inveniri
726 4122 811 4178 Arist.
827 4119 885 4176 ’Aa
898 4123 959 4176 πολ.
972 4121 1032 4190 Vll,
1045 4124 1059 4176 1
1079 4121 1124 4192 (ω
1132 4120 1205 4176 Plut.
1219 4120 1273 4176 Sol.
1284 4121 1331 4191 25)

248 4222 391 4288 adnotavit
402 4223 643 4283 wilamowitzius:
654 4223 840 4294 νατεφάτιζον
852 4221 1014 4291 ἀναθήσειν
1031 4220 1190 4292 ἀνδριάντα
1200 4227 1330 4294 wrote.
