3054 5010
747 364 790 431 55

226 541 378 611 videtur:
403 539 487 608 Call.
507 539 536 624 Ι,
558 539 601 607 46
625 544 692 607 Ζεῦ
715 539 752 606 σὲ
774 539 811 606 δέ
834 539 1039 626 Κυρβάντιον
1066 536 1178 624 έτάραι
1200 554 1304 625 προσ·

225 660 450 744 επηχύναντο,
486 655 571 725 Call.
594 655 639 725 fr.
663 656 742 724 344:
774 655 866 725 Suid.
894 656 1195 743 περιπηχύναντες·
1217 675 1308 749 περι·’

226 776 439 861 πλεξάμενοι,
476 773 574 841 illum
605 795 742 843 versum
767 773 894 841 imitati
931 776 1012 842 sunt
1033 773 1186 841 Rhianus
1210 772 1253 840 A.
1269 771 1307 842 Ρ.

226 892 309 976 XII,
334 892 396 958 121
430 894 488 958 καί
512 909 548 958 σε
572 889 647 959 ποτὶ
671 890 841 980 ροἀέαισιν
863 891 1071 978 ἐπηχύναντο
1093 890 1247 978 χέρεσσιν
1274 893 1310 960 ei

227 1010 366 1078 Nonnus
389 1009 431 1076 D.
455 1009 517 1094 IX,
541 1009 584 1076 30
613 1010 650 1075 αί
669 1008 706 1075 ἀὲ
729 1013 890 1094 λαβοῦσαι
919 1009 976 1096 (ιο.
999 1008 1155 1095 Νύμφαι)
1178 1008 1310 1094 Βάκχον

226 1127 450 1213 ε’πηχύναντο,
489 1148 563 1194 cum
595 1125 658 1194 hae
689 1123 813 1193 Suidae
850 1126 964 1214 glossa
1000 1123 1222 1194 conferendus
1255 1129 1308 1193 est

225 1244 318 1313 loeus
339 1242 620 1332 Dionysiasorum
648 1242 760 1327 XXV,
785 1243 847 1312 177
879 1242 988 1310 λέοντι
1016 1245 1178 1329 βραχίονα
1209 1242 1308 1324 λόξον

227 1361 335 1443 ἑλίξας
354 1361 359 1450 Ι
379 1360 556 1448 εύπαλάμφ
571 1363 699 1447 πήχυνε
713 1363 917 1448 περίπλοιιον
935 1360 1057 1446 αὐχένα
1080 1363 1198 1450 δεσμῷ.
1242 1359 1308 1428 Αυ-

225 1480 334 1548 iivum
356 1479 422 1568 Ap.
446 1501 576 1568 quoque
597 1479 661 1564 IV,
677 1478 742 1545 972
763 1489 860 1566 χαῖον
882 1480 1015 1566 παλάμη
1037 1481 1088 1546 ἔνι
1110 1480 1306 1565 πηχύνουσα

224 1595 348 1686 posuit,
379 1598 419 1664 ut
441 1595 543 1664 schol.
568 1596 725 1685 explieat,
755 1594 829 1663 ἀντὶ
851 1605 912 1663 τοῦ
932 1607 977 1685 τῷ
999 1599 1095 1684 πήχει
1117 1607 1176 1682 τῆς
1197 1598 1308 1684 χειρὸς

224 1725 482 1802 προσηρτηιιυϊα.

311 1830 384 1913 Quo
408 1830 621 1900 referendum
652 1835 706 1900 est
736 1835 877 1902 verbum
906 1834 1074 1920 φοινίξειν,
1107 1830 1197 1920 quod
1219 1830 1305 1901 Call.

224 1947 267 2015 fr.
293 1948 356 2014 148
390 1947 538 2037 legitur:
576 1952 614 2017 τὸ
651 1951 820 2037 φοιτάζειν
853 1953 955 2017 Καλλ.
985 1953 1182 2036 παραλόγως
1214 1942 1309 2016 εἶπεν

224 2067 393 2150 φοινίξειν,
431 2067 595 2155 φάμενος·
635 2069 795 2153 φοιτίζειν
834 2065 958 2152 ἀγαθοὶ
993 2068 1154 2144 πολλάκις
1184 2067 1306 2151 ἠίθεοι.

223 2180 267 2269 (h.
290 2182 387 2249 Hom.
410 2182 584 2267 XXVI,8
615 2188 800 2268 φοιτίζεσκε
830 2183 904 2250 καθ’
929 2185 1089 2270 ὑλήεντας
1121 2182 1306 2270 ἐναύλους.)

222 2297 289 2386 Ap.
304 2297 367 2365 hae
390 2319 471 2366 voce
493 2321 572 2367 usus
596 2303 658 2384 est,
681 2299 819 2368 imitans
834 2299 1049 2369 Homericum
1070 2300 1180 2368 locum
1194 2304 1229 2366 Σ
1241 2299 1306 2366 386

223 2414 329 2498 πάρος
350 2413 391 2499 με’
410 2415 471 2501 μέν
493 2417 534 2482 οὔ
557 2441 589 2482 τι
616 2419 781 2501 θαμίζεις,
805 2415 870 2504 ΙΠ,
884 2417 928 2484 54
949 2420 984 2483 τί
1003 2416 1030 2482 δ’
1058 2417 1210 2482 ίιιάνετον
1233 2417 1306 2482 ούτι

223 2530 329 2617 πάρος
349 2555 387 2616 με
410 2534 487 2616 λίην
509 2536 733 2618 φοιτίζουσαι,
990 2566 993 2571 >

309 2646 381 2716 Nos
412 2650 553 2717 verbum
584 2649 711 2735 ἀβολίω
745 2652 879 2718 ’νεοίατο
911 2649 998 2718 Gall.
1030 2649 1073 2716 fr.
1097 2648 1162 2716 455
1192 2649 1305 2735 ’Λβάλε

222 2764 298 2849 μηδ’
324 2767 493 2850 ἀβόλησαν
514 2765 657 2854 legimus
681 2769 717 2834 el
731 2765 797 2855 Ap.
815 2766 863 2852 ΙΙ,
875 2767 940 2834 770
962 2767 1131 2852 ἀβόλησαν
1146 2767 1305 2854 Λητοίάη,

222 2880 289 2966 ΙΙΙ,
303 2881 388 2948 1145
417 2878 518 2961 αὖθις
549 2884 579 2949 δ’
606 2883 814 2970 ἀβολήσομεν
845 2884 957 2951 ἐνθάδ’
985 2886 1107 2970 ἰόντες,
1150 2883 1186 2951 id
1217 2883 1306 2972 quod

150 3034 153 3040 .
222 3019 302 3066 casu
324 2997 486 3067 accidisse
515 2996 563 3068 ex'
585 3000 764 3089 permultis
795 3001 893 3069 huius
917 3001 1036 3088 stirpis
1058 3001 1188 3086 formis,
1220 3022 1305 3089 quas

220 3114 453 3204 lexicographi
475 3121 704 3185 servaverunt
712 3117 746 3206 1),
779 3117 1008 3204 concluditur3
1042 3117 1181 3200 assedit,
1205 3117 1303 3206 quod,

222 3253 295 3299 eum
310 3233 448 3300 verbum
470 3232 579 3320 ipsum
595 3259 615 3300 α
631 3234 835 3323 copulative,
859 3235 949 3322 quod
967 3234 1105 3302 dicimus
1122 3235 1305 3302 formatum

221 3350 373 3417 veterem
409 3349 576 3437 quandam
613 3351 757 3440 speeiem
799 3355 959 3440 praebet,
1007 3355 1081 3420 tum
1122 3352 1303 3438 ἀβολητύς·

220 3466 381 3551 ἔντευξις,
419 3468 618 3552 συνάντησις
656 3468 781 3555 (anecd.
816 3468 899 3536 Bek.
924 3469 1017 3556 322),
1056 3490 1155 3557 quam
1189 3490 1303 3536 vocem

219 3581 400 3650 Kinkelius
416 3582 507 3652 inter
519 3583 715 3653 Antimaehi
730 3586 923 3673 fragmenta
938 3586 992 3674 (fr.
1007 3585 1083 3653 dub.
1097 3586 1172 3673 108)
1188 3587 1302 3654 affert.

307 3699 458 3768 Verbum
481 3703 621 3787 φοιβάοο,
654 3701 744 3790 quod
765 3702 827 3771 illa
850 3705 964 3771 aelate
986 3703 1159 3772 invenitur
1183 3702 1300 3790 prima,

219 3815 308 3904 apud
331 3815 572 3884 Callimachum
601 3821 717 3886 exstat
739 3819 781 3903 V,
806 3819 846 3885 ll
882 3818 1062 3908 έφοίβασεν
1090 3821 1127 3885 ἀὲ
1156 3819 1302 3905 παγέντα

219 3932 326 3998 πάντα
354 3935 591 4020 χαλινοφάμυν
622 3935 733 4022 ἀφρὸν
764 3935 830 4002 ἀπὸ
865 3937 1047 4021 στομάτων,
1086 3934 1302 4003 Theocritum

219 4053 360 4135 Πτολεμ.
385 4049 449 4116 134
491 4061 602 4138 χεῖρας
647 4055 837 4139 φοιβήσαοα
880 4055 1000 4140 μύροις
1040 4055 1088 4119 έτι
1132 4052 1303 4134 παρθένος

214 4156 307 4250 Ἶρις,
331 4167 433 4253 alque
456 4165 572 4234 eodem
593 4189 712 4236 versus
735 4168 808 4236 Ιοοο
831 4169 921 4258 apud
937 4167 1156 4258 Apollonium
1174 4168 1223 4254 H,
1236 4169 1300 4236 302

308 4306 336 4378 1)
355 4321 426 4377 quae
443 4322 536 4364 omnes
554 4307 728 4367 inveniuntur
746 4310 775 4367 in
792 4309 1012 4368 Konstantinidis
1031 4311 1161 4368 thesauro
1180 4312 1245 4382 φά.
