3054 5010
744 356 788 423 26

221 531 355 620 saepius
386 531 551 601 usitatum
573 531 764 620 optativum
787 553 869 616 esse,
902 537 1016 601 tumen
1037 554 1140 621 porro
1162 530 1232 601 elie
1254 535 1307 602 est

221 649 303 718 haee
324 672 380 717 res
404 651 507 739 etque
531 648 560 718 si
574 649 673 717 Philo
696 649 852 739 optativo
875 649 1024 718 erebrius
1048 649 1242 738 aequalibus
1268 653 1303 718 et

221 788 380 855 perverse
409 789 490 835 usus
521 766 618 835 illum
649 768 791 837 formum
821 769 987 836 mortuum
1010 789 1085 836 esse
1115 767 1306 836 luculenter

219 883 443 952 demonstrat.

309 999 438 1083 Quibus
461 1000 648 1069 enuntiatis
667 1023 768 1069 ¹mere
796 999 951 1069 finalibus
974 1001 1042 1070 ulia
1064 999 1227 1069 nonnullo
1249 1002 1306 1070 ειδ-

223 1116 332 1185 denda
355 1121 444 1201 sunt,
477 1117 660 1207 exquibus
683 1118 770 1185 idem
793 1117 1004 1207 perspicitur.
1050 1118 1175 1186 Sensus
1196 1119 1306 1208 igitur

221 1233 332 1302 finalis
363 1235 549 1302 enuntiatis
579 1235 669 1302 inest
698 1234 805 1303 hisee:
837 1235 866 1319 I,
891 1236 970 1302 338:
1010 1235 1127 1303 ἕλεσθε
1159 1238 1305 1323 ὄρχαμον

220 1352 355 1436 ὑμείων,
381 1345 480 1439 pisso
496 1352 535 1418 τά
550 1351 670 1418 ἕκαστα
685 1351 827 1437 μέλοιτο.
871 1352 934 1437 IV,
947 1352 1051 1420 1658:
1075 1355 1163 1441 ἔχετε
1178 1363 1242 1440 νῆα
1254 1393 1304 1439 -,

220 1461 300 1547 εἵως
318 1492 376 1536 κεν
398 1468 471 1554 ἐμοὶ
494 1469 590 1551 είξειε
613 1472 766 1556 δαμῆναι,
801 1491 886 1558 quae
920 1470 1073 1559 exempla
1093 1469 1221 1538 habent
1238 1470 1305 1538 Ho-

219 1585 352 1669 merica,
385 1607 412 1653 e.
436 1609 487 1674 gr.
510 1585 706 1674 u431ss1),
738 1585 828 1654 huud
861 1586 963 1655 aliter
995 1608 1034 1654 eo
1066 1586 1129 1670 IV,
1154 1587 1239 1656 1508
1251 1610 1304 1656 ss:

221 1703 293 1771 ἄλλ’
326 1697 354 1792 ηό
384 1728 444 1771 ιιεν
465 1743 509 1754 -
530 1706 733 1792 μελάγχιμον
765 1707 818 1772 ἰὸν
850 1704 938 1790 ἐνείη
967 1707 1119 1786 ζωόντων
1150 1743 1200 1790 -,
1232 1705 1304 1772 οὐδ’

220 1822 347 1890 όπόσον
369 1811 512 1908 πήχυιον
535 1822 568 1901 ἐς
592 1824 687 1889 ’Άιδα
718 1825 847 1908 γίνεται
881 1819 975 1908 οἶμος
997 1822 1031 1910 (β
1054 1822 1129 1911 53.).
1172 1821 1304 1891 Pendet

220 1938 340 2008 deinde
363 1939 580 2008 enuntiatum
603 1939 837 2008 secundarium
859 1962 877 2008 e
900 1941 1003 2009 verbo
1026 1940 1167 2009 timendi
1188 1940 1216 2026 Ι,
1240 1940 1304 2008 481

221 2059 331 2142 δείδω,
354 2060 470 2142 μήπως
493 2058 533 2123 οὕ
557 2081 614 2142 μοι
636 2057 800 2142 ὑποσταίη
821 2059 860 2123 τό
882 2081 920 2142 χε
942 2060 1066 2143 μήτηρ;
1097 2058 1234 2125 everbo
1250 2079 1305 2124 ou·

220 2173 335 2241 randi:
359 2172 388 2258 I,
404 2174 470 2241 490
493 2174 615 2260 φράζεο
631 2173 663 2239 δ’
682 2173 797 2252 ὅππως
812 2185 924 2260 χεῖρας
942 2173 1020 2260 ἐμάς
1041 2176 1119 2252 σόος
1141 2173 1304 2259 ἐξαλέοιο,

221 2313 285 2379 quo
308 2289 523 2358 referendum
546 2292 600 2358 est
622 2291 726 2359 etiam
743 2290 811 2375 ΠΙ,
836 2290 899 2359 179
922 2295 1069 2378 πειρήσω
1093 2290 1126 2356 δ’
1152 2289 1305 2358 ἐπέεσσιν

221 2409 312 2474 -εί
330 2408 356 2474 τί
384 2407 496 2474 ἐθέλοι
518 2410 671 2493 φιλότητι
694 2410 792 2493 δέρος
813 2409 969 2495 χρύσειον
993 2408 1136 2474 ὀπάσσαι
1160 2407 1203 2495 (Λ
1214 2407 1302 2495 792.)

303 2524 457 2613 Denique
480 2524 516 2591 in
538 2525 724 2593 enuntiatis
747 2525 902 2593 relativis
925 2527 961 2592 et
982 2524 1227 2613 temporalibus
1250 2525 1320 2592 in?

217 2641 401 2711 veniuntur
423 2641 576 2731 exemplu,
597 2640 680 2710 haee
690 2641 729 2724 ’λε

304 2759 333 2842 I,
357 2758 422 2825 458
446 2749 500 2825 οἷά
522 2781 558 2824 τε
580 2759 688 2824 πολλά
711 2757 781 2825 νέοι
803 2760 892 2844 παρὰ
915 2756 1003 2824 δαιτὶ
1024 2755 1079 2824 καὶ
1102 2759 1183 2844 otoo)
1207 2779 1301 2844 τερπ·

217 2887 285 2954 νῶς
308 2875 496 2962 ἑψιόωνται,
528 2876 571 2943 όί
597 2878 696 2954 άατος
726 2877 822 2962 ὕβρις
853 2875 960 2962 ἀπείη,
992 2876 1050 2944 ubi
1070 2876 1182 2944 forma
1204 2875 1302 2962 άπείη

217 3016 260 3062 ex
273 2992 421 3061 Homero
445 2995 579 3082 sumptu
594 2995 636 3061 ab
651 2992 833 3081 Apollonio
850 2980 923 3061 sine
938 2991 1039 3061 dubio
1061 3015 1122 3082 pro
1146 2993 1301 3082 optativo

216 3109 333 3178 habite
356 3113 419 3178 est.

303 3226 349 3309 ΙΙ,
374 3227 439 3294 980
461 3225 526 3294 αίεὶ
551 3227 581 3293 δ’
607 3229 745 3304 ἄλλυδις
775 3214 868 3312 άλλη,
901 3227 966 3314 ὅπη
988 3213 1130 3312 ’κύρσειε
1160 3228 1302 3312 μάλιστα

217 3343 357 3428 ἠπείρου
379 3349 562 3430 χθαμαλῆς,
585 3345 772 3410 είλίσσειαι.

302 3458 365 3544 IV,
383 3449 492 3527 1235:
517 3460 575 3527 ὅδ’
602 3459 714 3528 οὐκέτι
731 3449 855 3538 ’νόστος
877 3461 1005 3527 ὀπίσσω

276 3667 278 3672 ¹
303 3575 403 3660 νηυσὶ
426 3577 527 3663 πέλει,
551 3578 604 3644 ὅτε
626 3580 724 3666 τόνγε
747 3577 870 3667 βιῴατο
890 3580 1017 3644 κόλπον
1033 3576 1175 3662 ίκέσθαι,

216 3715 313 3780 quem
328 3693 519 3781 optativum
548 3693 639 3762 houd
662 3693 729 3763 seio
745 3717 788 3763 en
804 3717 890 3784 quae
912 3693 1002 3762 lutet
1025 3693 1197 3762 sententis
1220 3694 1300 3762 offe·

216 3809 322 3878 uerit:
345 3831 525 3897 numquam
546 3811 644 3880 novis
667 3811 772 3880 rediit
795 3833 836 3878 ex
858 3811 917 3878 illo
942 3811 1027 3878 sinu.

307 3979 333 4046 1)
352 3979 466 4047 Monro,
487 3977 578 4033 Gram.
598 3979 630 4034 of
646 3981 694 4034 the
712 3980 790 4034 Hom.
810 3980 883 4036 Diel.
904 3999 930 4051 p.
951 3985 1035 4036 277ε.

304 4079 333 4150 2)
353 4079 431 4134 Stuhl
449 4080 467 4133 l.
486 4078 504 4132 l.
523 4096 550 4148 p.
570 4081 622 4134 527
642 4081 767 4151 exemplu
785 4081 866 4137 huius
884 4097 959 4153 usus,
989 4097 1059 4153 ques
1077 4087 1142 4138 ente
1159 4081 1300 4152 Apollonii

215 4183 341 4250 tempora
358 4179 541 4250 inveniuntur,
566 4181 711 4252 congessit,
737 4197 772 4237 ex
798 4181 896 4252 quibus
921 4184 1073 4254 optativum
1089 4183 1179 4243 locun
1197 4182 1300 4241 habero

214 4285 278 4353 post
296 4281 439 4338 enuntetio
457 4281 586 4354 negativo
597 4281 691 4340 ridere
708 4282 780 4341 licet
