3054 5010
747 373 790 442 66

224 547 315 637 pisi,
349 548 398 618 sic
419 569 483 639 pro
506 549 586 636 sript
605 546 694 635 ἀμφί
713 546 826 636 opicus
856 542 1038 638 usurpavit
1056 548 1167 638 pocta,
1197 538 1248 617 ita
1269 549 1310 618 ut

223 666 315 739 inter
350 666 391 735 17
413 665 521 736 rerba
551 672 638 756 quae
669 664 850 755 usurpavit
879 687 952 734 cum
982 665 1083 754 ἀμφι·
1113 664 1308 756 composita,

223 808 325 854 unum
346 787 482 854 tantum
503 783 736 873 (ἀμφιέννυμι)
758 785 802 853 ab
829 783 980 853 omnibus
1011 783 1178 854 usitatum
1207 785 1308 870 esset,

226 902 268 970 11
291 901 498 987 Homericae,
531 905 634 970 unum
664 900 886 990 (ἀμφιπολὲω)
916 899 1070 992 poeticae
1102 899 1308 986 elocutionis,

225 1021 389 1109 quattuor
422 1020 466 1087 ab
497 1017 680 1108 Apollonio
712 1017 877 1107 (ἀμφιὸέω
908 1017 956 1104 ΙΙ,
980 1018 1023 1086 64
1052 1017 1105 1108 [=
1137 1015 1310 1106 περιθῶ),

226 1136 476 1224 ἀμφιθορόντες
513 1135 706 1223 111,1373;
737 1136 963 1224 &pecunioso
984 1135 1051 1222 ΠΙ,
1076 1135 1177 1223 1247,
1209 1133 1310 1223 ἀμφι-

223 1256 403 1342 μεμαρπώς
423 1252 489 1338 ΙΠ,
515 1253 592 1342 147)
614 1254 762 1324 novatae
785 1255 907 1324 esseut

312 1371 477 1461 Reliquae
522 1372 791 1462 praepositiones
829 1370 924 1454 nihil,
970 1370 1059 1460 quod
1102 1352 1337 1438 animadvers

224 1489 364 1559 tendum
396 1490 444 1558 sit
476 1492 652 1579 praebent,
683 1490 751 1558 nisi
783 1489 872 1578 quod
906 1490 972 1576 πρό
1004 1486 1099 1556 nulla
1120 1487 1194 1557 fere
1221 1509 1312 1558 nova

223 1606 410 1696 composita
431 1605 566 1674 efficere
587 1606 725 1676 uidetur
747 1607 967 1693 (προμεθίημι
989 1606 1030 1689 Π,
1047 1604 1121 1691 329,
1143 1606 1203 1674 ubi
1223 1604 1311 1674 Mer-

223 1721 334 1791 kelius
356 1725 438 1808 νηὸς
460 1721 753 1811 ἀποπρομεθέντες
775 1721 936 1811 scripsit).
982 1720 1076 1804 Quae
1099 1744 1154 1790 res
1177 1743 1312 1790 causam

225 1837 397 1927 singulare
419 1836 506 1904 illud
527 1836 703 1927 Apollonii
735 1837 884 1904 studium
914 1837 1027 1922 habet,
1059 1839 1100 1904 ut
1129 1860 1221 1906 more
1242 1836 1312 1906 Ho-

226 1955 349 2024 merico
382 1953 441 2043 qui
475 1952 802 2040 tricastrinensis
824 1953 1034 2039 adhibuerat,
1065 1955 1180 2044 potius
1212 1976 1312 2044 quam

225 2094 341 2141 vocem
364 2074 430 2158 πρό
452 2095 480 2140 e.
503 2093 554 2158 gr.
578 2073 760 2160 usurparet
782 2073 915 2157 προπρό
937 2071 1015 2160 (ΙΙΙ,
1039 2071 1104 2139 453
1127 2074 1259 2160 προπρὸ
1281 2069 1312 2138 δ’

224 2192 266 2278 ἄρ
290 2187 501 2276 ὀφθαλμῶν),
529 2209 690 2278 persaepe
712 2187 843 2275 ἐπιπρό.
888 2187 1026 2258 Pariter
1048 2189 1135 2258 enim
1150 2187 1184 2257 in
1199 2188 1312 2259 verbis

225 2306 461 2396 componendis
496 2306 630 2393 insapo-
667 2287 847 2377 collocavit
880 2307 1002 2395 ἐπιπρο
1034 2307 1185 2396 (-ε’χομαι,
1217 2306 1311 2392 ·θέω,

226 2430 364 2512 -μολεῒν,
388 2423 528 2510 wicpoto,
554 2429 687 2510 -πίπτω,
710 2430 846 2512 -φαίνω,
870 2423 998 2512 pipo),
1022 2446 1153 2511 προπρο
1178 2423 1312 2511 (βιαζό-

225 2566 321 2628 μενοι
336 2541 364 2626 Ι,
375 2541 461 2627 386),
479 2541 611 2627 &neapo
625 2541 775 2630 (stettin,
790 2549 936 2628 -θορεῖν,
951 2541 1093 2628 talam),
1109 2540 1212 2627 ἐκπρο
1227 2540 1313 2628 (-μο-

225 2659 319 2746 saco),
331 2679 480 2744 καταπρο
493 2660 632 2742 (islam,
647 2657 733 2744 χέω).
757 2657 861 2726 Vides
874 2679 986 2726 omnes
999 2678 1107 2741 voces,
1118 2657 1313 2746 quibuscum

225 2776 292 2864 Ap.
303 2775 491 2863 singulares
507 2773 585 2842 illas
603 2774 872 2864 praepositiones
889 2774 1111 2858 coniunxerit,
1128 2773 1312 2863 planevul·

226 2914 327 2981 garos
342 2915 430 2979 esse,
453 2892 542 2960 unde
555 2892 653 2959 illum
666 2891 703 2960 id
715 2893 886 2980 spectasse
898 2891 1018 2977 elucet,
1038 2895 1078 2960 ut
1095 2912 1201 2960 novas
1217 2893 1254 2959 et
1270 2893 1314 2960 ab

200 2999 204 3009 ’
225 3011 356 3079 usitato
373 3033 526 3080 sermone
541 3009 763 3078 abhorrentes
776 3008 901 3078 formas
916 3009 1209 3098 proferrenonne
1226 3009 1313 3077 enim

229 3131 330 3215 pacto
344 3126 594 3215 Apollonianus
610 3126 913 3216 decompositorum
926 3149 1006 3196 usus
1022 3148 1096 3194 cum
1110 3126 1181 3195 illis
1197 3149 1314 3195 eorum

228 3267 308 3312 usus
340 3244 472 3332 legibus
506 3243 663 3327 concinit,
696 3266 778 3332 quas
805 3243 1127 3319 demonstraverunt
1150 3242 1314 3312 Schuber·

228 3363 286 3429 tus
295 3359 328 3447 1),
361 3359 548 3431 Schmidius
574 3361 609 3449 (l.
626 3360 648 3428 l.
665 3361 730 3429 708
743 3362 795 3447 s),
817 3361 995 3450 Mayserus
1018 3361 1093 3450 (1.1.
1109 3384 1142 3450 p.
1158 3361 1224 3428 497
1236 3362 1312 3448 ss),

229 3475 297 3546 nisi
336 3476 426 3567 quod
459 3477 524 3566 Ap.
560 3500 692 3567 quoque
734 3477 920 3567 compluria
962 3501 1036 3547 cum
1072 3478 1193 3563 ἔγκατα
1224 3501 1313 3547 com·

227 3593 341 3684 posita
383 3595 542 3664 novavit:
583 3593 827 3682 ἐγκαταβοίλλω,
862 3598 1023 3681 -θνήσκω,
1065 3595 1176 3681 -λέγω,
1217 3595 1313 3682 octo,

227 3714 359 3780 -κίπτω,
413 3711 543 3781 Eodem
584 3711 767 3801 singularis
814 3712 1013 3782 elocutionis
1057 3708 1179 3782 coloris
1222 3734 1313 3782 asse-

230 3829 353 3919 quendi
387 3829 501 3898 studio
538 3828 704 3900 adductus
732 3829 986 3917 ἑπιπροσβάλλω
1020 3830 1049 3917 Ι,
1066 3829 1128 3898 931
1154 3829 1313 3919 ἐπιπροσ-

320 4054 349 4123 1)
363 4052 420 4110 Zur
440 4051 621 4111 mehrfachen
639 4052 892 4124 praepositionalen
909 4053 1194 4125 Zosammersstsuog.
1222 4053 1312 4111 Xenis

231 4154 379 4212 Austnaca
398 4157 467 4233 ¹⁸i⁸
484 4155 507 4213 L
