3054 5010
276 679 353 747 dum
374 680 471 749 modo
486 702 549 769 pro
564 681 680 765 κεινὴν
693 682 809 765 κείνην
823 678 984 767 legimus:
1011 679 1154 768 „illem“,
1177 679 1356 771 femosam;

275 796 384 866 schol:
407 799 569 884 γράφεται
591 795 646 864 καὶ
668 800 782 882 κείνην
792 795 826 882 1).

162 908 235 994 03.
362 915 413 984 Αλ
450 918 571 984 contra
607 937 704 983 usum
740 914 956 983 Homericum
987 914 1106 983 formis
1139 916 1287 1004 optativi
1323 918 1359 984 in

276 1055 347 1098 -ντο
381 1031 610 1100 desinentibus
643 1054 723 1099 usus
756 1039 810 1101 esi
841 1032 924 1121 sps
959 1036 1191 1100 ναυτίλλοιντο
1233 1033 1260 1116 Ι,
1278 1033 1356 1120 918,

275 1149 400 1216 ἵκοιντο
435 1149 462 1233 Ι,
486 1150 568 1235 823,
592 1152 777 1234 θηήσαιντο
800 1149 828 1234 Ι,
852 1149 932 1235 986,
968 1150 1103 1233 ἀγοιντο
1126 1147 1192 1232 ΠΙ,
1216 1149 1271 1234 13,
1295 1149 1356 1234 IV,

278 1264 349 1349 102,
366 1265 448 1351 400,
473 1266 652 1353 φράζοιντο
668 1265 736 1349 ΙΠ,
758 1266 831 1349 826,
856 1289 929 1333 eum
943 1267 1108 1353 quattuor
1122 1265 1219 1334 modo
1235 1265 1359 1333 habeas

273 1382 309 1450 in
332 1405 403 1449 -ατο
439 1381 608 1466 cadentes,
642 1381 838 1450 Homericas
872 1381 996 1470 βιβατο
1017 1382 1061 1470 (Λ
1075 1381 1153 1469 467)
1176 1381 1238 1467 IV,
1256 1382 1357 1467 1266,

273 1501 456 1584 μνησαίατο
488 1498 529 1587 (Β
551 1498 628 1587 499)
657 1498 721 1584 IV,
745 1499 819 1583 840,
852 1498 967 1566 eodem
998 1521 1118 1567 versus
1149 1499 1223 1567 loeo
1255 1502 1358 1588 atque

273 1614 455 1703 Homerus;
481 1615 658 1702 ἀραροίατο
683 1615 711 1700 Ι,
728 1615 808 1702 369,
834 1615 1005 1700 ἀνεχοίατο
1028 1615 1055 1699 Ι,
1073 1615 1168 1700 1005,
1192 1637 1277 1705 quae
1292 1637 1360 1683 non

272 1731 339 1800 nisi
360 1731 413 1800 his
435 1731 518 1800 locis
541 1732 772 1800 inveniuntur.
824 1775 827 1781 ι

361 1848 586 1937 Pariicipium
608 1848 750 1938 denique
773 1849 987 1916 Homericum
1010 1848 1203 1934 λελιημένος
1226 1849 1270 1938 (Λ
1283 1849 1358 1934 466,

273 1972 305 2032 Ε
319 1965 393 2050 690,
416 1972 459 2032 Μ
471 1965 547 2053 106)
568 1966 635 2054 Ap.
660 1965 982 2055 plusquamperfec‘ci
1006 1965 1115 2032 forme
1137 1969 1268 2051 λελίητο
1290 1965 1357 2049 ΠΙ,

274 2083 355 2170 646,
380 2083 482 2167 1168,
506 2082 567 2168 IV,
586 2083 670 2150 1007
694 2082 799 2168 anxii,
829 2104 928 2171 quem
951 2106 992 2149 cx
1015 2104 1053 2149 eo
1076 2082 1230 2150 imitator
1254 2081 1357 2170 Orph.

273 2199 582 2288 Argonauticorum
597 2202 718 2267 auctor
732 2199 868 2288 petivit,
891 2199 981 2267 haud
996 2199 1100 2267 aliter
1116 2200 1218 2286 eique
1238 2200 1358 2267 ancicr

273 2315 366 2384 illius
390 2315 556 2403 carminis,
578 2315 667 2404 quod
683 2315 824 2384 Theocr.
847 2315 892 2383 id.
904 2316 1006 2385 XXV
1021 2314 1261 2402 nominatum),
1285 2315 1358 2382 196.

362 2433 456 2517 Quae
486 2432 703 2522 amplificatio
734 2455 808 2501 cum
838 2433 884 2500 sii
917 2431 1108 2520 singularis,
1145 2435 1260 2499 tamen
1291 2454 1359 2499 non

273 2549 399 2620 vitiosa
425 2553 488 2634 es’c,
521 2550 557 2618 id
580 2550 670 2639 quod
692 2549 910 2619 statuendum
933 2552 987 2618 est
1010 2528 1052 2617 de
1075 2548 1223 2636 optativi
1245 2548 1356 2617 forma

273 2667 383 2746 ἀκέοις
404 2667 432 2751 Ι,
457 2667 539 2734 765,

363 2823 389 2892 1)
407 2821 460 2876 Hie
481 2820 564 2876 liceat
582 2819 689 2890 addam,
712 2819 846 2890 quomodo
861 2820 931 2877 elios
945 2835 1039 2876 versus
1052 2819 1106 2876 duo
1119 2818 1258 2876 emendari
1276 2834 1358 2890 posse

273 2920 390 2978 credam.

272 3022 319 3092 IV,
338 3024 391 3079 996
401 3039 436 3078 ss.

697 3120 725 3178 οἳ
744 3122 773 3177 δ’
783 3143 785 3151 ·
796 3122 935 3194 ἀγανῇσιν

428 3223 563 3287 Ἀλκίνοος
581 3226 649 3279 λαοί
665 3241 694 3278 τε
713 3225 948 3295 θνηπολίησι
966 3220 1115 3286 κιόντας

429 3321 568 3396 δειδέχατ’
589 3325 734 3386 ἀσπασίως

272 3443 323 3496 pro
347 3428 539 3497 θνηπολίηοιν
565 3423 661 3489 ίίντας
687 3424 859 3482 scribendum
887 3442 947 3481 esse
974 3425 1126 3482 existimem
1151 3425 1252 3481 collato
1277 3441 1359 3482 versu

272 3528 293 3596 1,
315 3530 392 3595 1179,
411 3527 459 3582 ubi
477 3528 543 3582 item
562 3526 596 3582 de
615 3526 819 3583 advenientium
838 3527 1005 3583 salutatione
1024 3525 1132 3581 dicitur.

365 3629 412 3698 IV,
433 3632 502 3684 1437
521 3629 545 3685 si
563 3629 677 3709 legimus
693 3627 755 3684 ὄσσε
769 3626 800 3683 δὲ
813 3625 844 3682 οί
853 3629 977 3700 βλοσυρῷ
989 3623 1134 3697 ὑπέλαμπε
1151 3626 1268 3701 μετώπῳ
1284 3631 1288 3697 Ι
1304 3647 1360 3696 νη-

273 3725 331 3784 λεέ
336 3749 351 3792 ς
369 3728 438 3784 duas
457 3731 629 3799 assequimur
647 3747 707 3786 res:
726 3730 844 3800 primum
863 3727 927 3783 ὄσσε
939 3724 1085 3798 ὑπέλαμπε
1099 3729 1224 3802 βλοσυρῷ
1242 3729 1358 3803 μετώπῳ

273 3830 427 3886 sententiae
445 3831 491 3886 vix
509 3830 672 3887 satisfacere
690 3830 813 3898 videtum
844 3829 999 3898 quaerimus
1027 3829 1106 3898 enim,
1136 3845 1189 3897 quo
1208 3828 1288 3884 modo
1306 3829 1359 3884 iul·

272 3936 356 4002 geent
384 3931 463 3986 oculi.
507 3930 615 3986 Deinde
643 3928 741 4000 νηλής,
771 3930 880 3985 etiamsi
906 3945 957 3999 pro
987 3929 1177 3985 interiectione
1204 3929 1360 3999 accipimus,

272 4038 364 4088 tamen
382 4032 466 4087 habet
491 4031 596 4101 aliquid
621 4031 788 4100 offensionis,
815 4031 880 4099 quia
903 4034 962 4085 tam
987 4029 1143 4085 absolutum
1161 4045 1179 4084 a
1198 4034 1290 4086 cetera
1308 4031 1361 4085 riri

272 4133 458 4202 descriptione
483 4132 602 4202 positum
621 4138 671 4188 est.
710 4133 786 4200 Quae
803 4127 900 4201 νηλεές
920 4131 1070 4187 scribentes
1095 4130 1188 4185 levare
1206 4146 1360 4201 possumus.

273 4232 320 4304 (cf.
333 4235 380 4303 IV,
400 4237 452 4288 389
471 4232 566 4289 eodem
579 4250 674 4290 versus
686 4234 749 4289 leco,
759 4231 836 4302 μάλα
849 4231 903 4302 γὰρ
915 4228 1005 4303 μέγαν
1018 4227 1108 4297 ἤλιτες
1121 4228 1208 4300 ὅρκον
1223 4234 1228 4304 Ι
1244 4232 1360 4301 νηλεές.)

361 4335 390 4405 2)
408 4334 633 4391 Wilamowitzius
663 4335 758 4390 Buccl.
790 4335 889 4390 Graeci
919 4351 947 4404 p.
974 4334 1042 4388 165:
1075 4331 1185 4404 „studia
1215 4331 1360 4404 Homerica

271 4433 411 4506 Apollonii
430 4433 560 4506 similia“;
579 4433 614 4490 cf.
635 4451 659 4493 e.
677 4452 717 4506 gr.
740 4437 772 4491 15
791 4434 831 4506 ἀμ
848 4430 921 4506 μέγα
942 4437 1024 4505 τῖφος
1044 4457 1078 4480 =
1097 4433 1148 4503 Δρ.
1168 4433 1190 4503 Ι,
1211 4433 1270 4487 127.
