3054 5010
846 311 888 377 52

327 483 407 568 799,
444 482 549 552 nullis
585 485 653 553 nisi
685 484 738 553 his
775 484 858 552 loeis
895 484 1009 553 allatis
1046 483 1234 570 invenitur,
1271 505 1345 550 eum
1375 482 1410 551 in

326 601 479 690 pedestri
496 625 647 671 sermone
664 602 783 688 διχόζω
802 600 1006 687 „dividuae
1030 601 1182 691 quumvis
1204 623 1292 687 rere,
1316 624 1409 670 usur·

324 722 434 808 petur,
473 743 501 789 e.
533 743 585 809 gr.
617 719 705 788 Plst.
739 718 813 787 Pol.
836 719 954 786 2641).
1005 718 1099 787 Idem
1133 722 1247 788 autem
1276 718 1409 788 Aratus

326 838 430 923 δίχας,
453 839 592 925 δίχασις,
615 839 732 925 διχαίω
754 836 906 906 novavit.

411 971 462 1041 Ut
489 975 594 1062 poeta
623 972 735 1062 opicus
765 995 861 1041 suum
889 973 924 1040 in
955 995 1051 1040 usum
1073 994 1188 1041 vocem
1210 972 1311 1058 διχόω
1341 971 1409 1040 for-

324 1089 441 1172 mavit,
465 1090 514 1158 sic
527 1113 591 1179 pro
607 1091 712 1159 verbo
729 1092 875 1171 σταλόζω
897 1089 954 1159 vel
975 1091 1147 1157 σταλάσσω
1170 1089 1286 1179 posuit
1306 1088 1410 1156 metri

323 1207 531 1275 necessitate
563 1209 699 1275 coactus
733 1207 877 1292 σταλάω,
911 1207 975 1274 962
1005 1199 1079 1275 οἷον
1113 1208 1256 1273 σταλόον
1287 1204 1408 1292 pooiet

324 1323 379 1392 ἐπὶ
393 1325 492 1391 ὕδατι
506 1325 609 1410 ὕδωρ.
647 1323 746 1406 Quod
760 1323 849 1392 idem
859 1323 975 1412 Apoll.
991 1323 1145 1393 imitatus
1163 1327 1228 1391 est:
1249 1322 1312 1406 IV,
1324 1321 1410 1389 1064

324 1443 457 1508 σταλάει
476 1441 506 1508 δ’
525 1443 592 1509 tino
608 1442 715 1526 δάκρυ
729 1442 866 1527 τιαρειδις
886 1448 890 1524 Ι
909 1441 1108 1529 μυρομένης.
1142 1439 1295 1508 Tertium
1309 1439 1408 1507 huius

322 1558 414 1627 modi
428 1558 639 1626 formationis
656 1559 843 1647 exemplum
859 1559 1028 1627 Areteum
1050 1560 1105 1626 est
1119 1560 1258 1626 verbum
1272 1557 1407 1644 τριτάω;

323 1677 387 1745 796
403 1679 587 1764 τριτόωσαν
602 1679 755 1762 σελήνην.
789 1676 907 1764 Atque
930 1675 1033 1743 simili
1054 1675 1187 1744 ratione
1197 1675 1222 1760 1)
1244 1675 1280 1740 in
1295 1673 1409 1761 epioae

323 1793 522 1862 elocutionis
544 1816 642 1861 usum
663 1795 792 1861 novata
807 1794 861 1860 est
875 1815 943 1862 vox
962 1795 1093 1878 κεδαίω,
1117 1791 1205 1860 sicut
1228 1792 1269 1859 ab
1294 1789 1409 1858 eodem

322 1910 433 1979 Arato
450 1913 576 1996 διχαίω,
596 1910 662 1977 410
677 1909 786 1998 (159):
809 1912 1021 1994 κεδαιόμεναι
1044 1947 1087 1957 -
1108 1921 1196 1996 νῆες.
1240 1906 1306 1975 Hic
1327 1927 1408 1995 qno·

323 2050 388 2116 que
411 2031 563 2096 sectatur
584 2027 681 2094 illum
703 2027 914 2116 Apollonius,
945 2027 994 2111 ΙΙ,
1010 2027 1074 2094 626
1103 2025 1249 2115 μελειστὶ
1279 2025 1408 2092 κεδαιό·

321 2169 422 2231 μενος
443 2143 646 2226 coniectum
669 2143 712 2212 ef.
725 2143 941 2229 Nicandrum,
964 2143 1013 2211 th.
1028 2144 1110 2231 4253
1134 2144 1177 2212 nl.
1195 2144 1268 2212 545.
1313 2144 1408 2228 Quae

322 2262 433 2329 forme
454 2283 612 2351 praesens
632 2264 685 2329 est
707 2261 830 2330 aoristi
851 2261 1021 2329 Homerici
1043 2260 1208 2348 ἐκέδασσε,
1229 2262 1405 2331 κέδασθεν.

409 2397 563 2465 Tertium
586 2401 700 2465 autem
722 2398 892 2486 epicorum
914 2420 1020 2486 genus
1042 2399 1232 2477 verborum,
1267 2420 1406 2486 quorum

322 2514 476 2602 exempla
498 2515 629 2581 Aratus
652 2536 784 2603 quoque
812 2537 901 2583 nove
923 2517 1073 2604 praebet,
1106 2512 1270 2583 sentilla
1292 2516 1403 2600 verba,

321 2631 465 2720 quaein
486 2632 563 2698 -ιόω
586 2630 722 2698 cedunt.

407 2766 559 2834 Verbum
582 2765 670 2833 enim
692 2765 815 2831 εὐδιόω
847 2765 949 2833 nuliis
979 2765 1047 2833 nisi
1073 2765 1174 2854 epicis
1196 2765 1314 2833 formis
1336 2788 1405 2834 non

319 2882 385 2951 nisi
408 2882 498 2971 apud
519 2881 669 2949 Aratum
691 2881 861 2969 Aratique
892 2882 1083 2950 imitatores
1114 2882 1305 2951 invenitur:
1338 2882 1403 2949 899

213 3010 217 3020 “
320 3002 405 3078 Διὸς
428 3001 636 3077 εὐδιόωντος.

407 3135 491 3202 Cum
519 3133 651 3202 Aratus
683 3155 798 3203 vocem
826 3136 938 3212 εὔδιος
967 3156 1096 3224 semper
1125 3156 1199 3202 cum
1220 3139 1235 3200 i
1260 3139 1403 3225 usurpet

319 3251 558 3338 (784,823a1.),
569 3249 941 3339 hancverbiprosodiee
953 3251 1235 3340 permutationem
1246 3251 1404 3340 anologio
1440 3262 1444 3271 '

319 3371 508 3435 ceterorum
536 3368 572 3435 in
602 3369 678 3435 -ιόω
707 3368 931 3437 desinentium
952 3370 1131 3436 verborum
1155 3369 1310 3436 effectam
1329 3390 1402 3437 esse

178 3477 181 3482 ’
318 3483 536 3552 manifestum
567 3491 636 3566 est,
670 3484 761 3552 haud
792 3484 895 3552 aiiter
928 3488 1030 3574 etque
1061 3487 1168 3553 εὔδιοι
1197 3485 1262 3574 Ap.
1286 3485 1314 3568 Ι,
1337 3485 1400 3553 521

318 3600 562 3670 adiectivorum
583 3602 619 3668 in
641 3625 708 3680 -ιος
730 3602 955 3669 desinentium
978 3601 1163 3690 exemplum
1187 3601 1350 3690 sequitur.

447 3747 514 3836 Ap.
538 3747 567 3831 Ι,
590 3747 656 3815 424
679 3745 735 3815 eat
758 3751 882 3815 πόντον
905 3747 1094 3832 ἐλευσόμεθ’
1120 3748 1314 3827 εὐδιόωντες

515 3863 565 3948 ΙΙ,
589 3864 652 3932 903
675 3864 796 3949 τέμνον
818 3868 925 3932 ιιλόον
948 3866 1143 3944 εὐδιόωντες

501 3979 563 4066 IV,
588 3980 653 4049 933
676 3982 833 4068 δελφῖνες
854 3979 936 4061 uiuit
958 3980 1036 4060 ἁλὸς
1058 3982 1268 4068 εὐδιόωντες;
1392 4049 1395 4053 .

290 4306 292 4311 ,
408 4239 436 4310 l)
455 4237 553 4307 quibus
572 4236 714 4295 devertis
733 4237 790 4307 egit
806 4237 989 4294 lincheon-Bt
1007 4253 1035 4308 p.
1054 4239 1115 4296 536.
