3054 5010
743 426 907 500 41'

290 605 409 676 'Haud
439 605 543 674 aliter
572 625 627 672 res
649 602 810 672 sehabet
840 602 877 670 in
899 601 1012 670 verbis
1045 601 1236 671 θέσσασθαι
1267 607 1304 673 et

223 730 375 814 ὀμβρεῑν;
398 725 461 793 hoe
483 725 599 790 exstat
620 721 685 805 ΙΙΙ,
711 721 796 789 1399
819 723 903 799 Διὸς
924 722 1049 788 ἄσπετα
1072 722 1305 808 ὀμβρήσαντος

223 847 257 912 et
280 843 360 910 Hes·
385 864 436 929 op.
453 840 517 907 415
539 841 772 925 μετοπωρινὸν
794 839 1024 924 ὀμβρήσαντος
1043 839 1048 925 Ι
1069 841 1178 924 Ζηνός
1186 862 1193 924 ;
1217 838 1303 907 illud
1328 819 1330 824 λ

221 960 335 1048 posuit
349 959 415 1048 Ap.
438 957 466 1043 Ι,
483 957 548 1023 824
570 956 775 1042 θεσσάμενοι
798 957 928 1022 παίδων
951 955 1057 1040 γένος,
1079 955 1242 1040 imitatae,
1266 956 1302 1024 id

222 1076 310 1165 quod
332 1075 431 1144 schol.
452 1073 694 1142 animadvertit
715 1072 815 1139 huius
837 1071 912 1156 loci,
936 1071 1076 1140 Hesiodi
1092 1095 1236 1157 versum,
1259 1073 1304 1140 fr.

220 1193 286 1260 210
300 1193 370 1260 Rz:
393 1191 602 1276 δασσάμενος
623 1191 743 1276 γενεὴν
767 1190 953 1256 Κλεοδαίου
975 1190 1190 1276 κυδαλίμοιο,
1214 1189 1304 1278 quod

219 1312 359 1378 verbum
390 1307 599 1376 rarissimum
640 1308 894 1395 usurpaverunt
924 1305 1055 1373 Archil.
1088 1305 1202 1394 (schol.
1236 1305 1302 1396 Ap.

218 1428 246 1511 Ι,
270 1427 346 1513 824)
370 1428 406 1493 e'e
427 1423 524 1492 Pind.
548 1424 644 1492 Nem.
667 1423 709 1509 V,
736 1423 788 1492 18.
987 1483 990 1487 ,

306 1544 496 1630 ἀμαρύσσω.
518 1541 599 1610 Hes.
624 1541 673 1610 th.
696 1542 761 1609 827
785 1541 820 1609 ἐκ
843 1541 883 1608 δέ
903 1543 938 1608 οἱ
959 1544 1200 1628 ὄσσων-πῦρ
1224 1541 1304 1626 ἀμά-

220 1678 345 1748 ρυσσεν
379 1682 478 1730 sensu
511 1659 731 1729 intransitivo
765 1660 819 1746 ἀμ.
851 1659 999 1746 positum
1032 1661 1085 1727 est
1115 1659 1234 1746 (trans.
1268 1657 1301 1726 h.
1433 1698 1436 1705 ·

220 1777 320 1846 Mero.
344 1778 430 1866 278),
463 1800 530 1867 que
552 1779 588 1847 vi
609 1776 675 1867 Ap.
697 1800 777 1845 usus
800 1779 854 1845 est
882 1776 990 1844 medio
1022 1775 1084 1860 IV,
1111 1775 1173 1842 178
1195 1777 1304 1862 χθὼν-

220 1895 428 1981 δμιιρύσσετο
450 1895 524 1984 (IV,
547 1896 655 1983 1146).
701 1895 800 1980 Quod
829 1897 970 1963 verbum
1003 1894 1132 1983 epicum
1162 1895 1304 1981 usurpe-

218 2016 342 2082 verunt
364 2013 536 2102 Oppianus
559 2031 691 2102 quoque
713 2011 799 2100 Cyn.
823 2011 869 2098 ΙΙ,
893 2011 958 2079 596
981 2014 1017 2080 eb
1040 2011 1190 2080 Nonnue.
1259 2016 1260 2021 ’

305 2130 484 2216 δεξιάομαι.
507 2130 539 2196 h.
562 2129 658 2197 Hom.
683 2129 744 2214 VI,
771 2129 811 2196 16
842 2130 878 2197 οδ
903 2129 932 2195 δ’
956 2130 1140 2214 ἠσπάζοντο
1172 2129 1303 2208 ἰδόντες

218 2252 315 2336 χερσί
333 2271 368 2314 τε
392 2247 567 2327 δεξιόωντο
579 2245 613 2333 ¹).
944 2277 948 2284 ·

304 2363 370 2448 ΙΙΙ,
393 2363 458 2431 258
491 2363 536 2442 ὣς
570 2361 607 2429 δὲ
641 2361 696 2428 καὶ
730 2361 825 2429 αὐτοὶ
849 2361 854 2449 Ι
878 2361 1003 2448 μητέρα
1037 2362 1213 2442 δεξιόωντο
1247 2361 1302 2430 καὶ
1330 2418 1333 2425 .

218 2482 459 2570 ἀμφαγάπαζον
482 2483 611 2559 ἰδόντες
640 2483 676 2549 et
697 2479 744 2565 ΙΙ,
768 2480 833 2547 754
855 2480 957 2548 αὐτὸν
980 2479 1008 2546 δ’
1033 2483 1116 2547 ὥστε
1130 2483 1214 2548 θεὸν
1237 2485 1305 2547 Πο·

218 2600 381 2667 λνδεύκεα
403 2599 588 2680 δεξιόωντο.
1306 2623 1308 2628 ·

304 2714 458 2802 εὐμενέω.
490 2715 524 2782 h.
556 2699 654 2782 Hom.
677 2713 798 2784 XXIV
827 2713 986 2804 (Hostia),
1019 2715 1042 2782 4
1080 2715 1301 2802 εὐμενέουσα,

217 2832 313 2900 Pind.
337 2832 443 2920 Pyth.
467 2831 520 2902 IV
542 2830 707 2920 (Argon),
732 2831 814 2918 2253
838 2831 903 2920 Ap.
927 2831 1134 2921 frequentat.

304 2949 498 3018 Herodotus
531 2948 574 3035 V,
597 2949 641 3017 60
672 2948 887 3038 epigramma,
928 2949 1017 3038 quod
1047 2950 1170 3018 Thebis
1201 2949 1297 3038 legit,

217 3069 334 3136 affert:
359 3071 484 3146 Σκαῖος
504 3066 703 3153 πυγμαχέων
724 3091 765 3152 με
787 3065 1141 3156 ἑκηβόλῳἈτιόλλωνι
1163 3050 1308 3154 ναιήσας·

217 3184 370 3271 ἀνέθηκε.
415 3183 489 3252 Ηοο
505 3185 618 3251 eutem
634 3186 775 3253 verbum
789 3184 966 3272 τινγμαχέω
984 3185 1048 3273 Ap.
1063 3185 1109 3269 ΙΙ,
1124 3186 1187 3253 783
1205 3186 1300 3275 (αυγ-

216 3301 392 3389 μαχέοντα)
424 3300 594 3386 adhibuit;
628 3301 688 3369 sed
717 3324 797 3371 casu
828 3301 1027 3370 crediderim
1059 3301 1227 3386 accidisse,
1260 3307 1301 3372 ut

216 3441 276 3488 nos
294 3441 362 3485 non
384 3418 486 3506 plura
507 3417 606 3486 huius
622 3419 718 3486 verbi
741 3419 894 3508 exempla
914 3420 1112 3508 legeremus,
1137 3443 1210 3488 eum
1232 3420 1299 3487 iam

215 3535 380 3603 Homerus
404 3535 541 3604 vocibus
565 3536 736 3623 πύγμαχος
759 3537 798 3623 (θ
813 3536 890 3624 246)
914 3540 949 3605 et
972 3540 1140 3624 πυγμαχίῃ
1162 3537 1298 3624 (Ψ653,

217 3652 293 3739 666)
315 3675 396 3720 usus
419 3652 475 3720 sit.

303 3767 452 3838 Verbum
486 3769 600 3857 φ’ἐρβω
635 3776 758 3855 eutem,
806 3770 896 3860 quod
928 3771 1102 3840 invenitur
1135 3772 1167 3838 h.
1199 3771 1296 3839 Hom.

215 3885 327 3970 XXX,
350 3886 372 3952 4
395 3890 430 3954 et
452 3887 543 3975 apud
563 3887 782 3975 Apollonium
813 3909 975 3977 persaepe
997 3889 1039 3975 (e.
1062 3911 1112 3976 gr.
1136 3888 1165 3972 Ι,
1190 3889 1297 3976 1211),

306 4067 333 4134 1)
352 4063 393 4118 ita
417 4064 489 4119 enim
513 4065 581 4134 legit
599 4064 640 4120 cd.
660 4065 700 4134 E3
728 4071 812 4133 atque
839 4064 1002 4121 servandam
1029 4081 1090 4122 esse
1116 4067 1188 4120 hene
1213 4067 1298 4136 serip-

215 4168 304 4218 turam
323 4164 443 4233 probare
455 4163 582 4220 videntur
593 4166 778 4236 Apolloniane
795 4166 876 4221 huius
891 4166 968 4220 verbi
986 4167 1125 4236 exempla3
1146 4163 1308 4242 δεξιόοντο,

216 4280 297 4334 quam
315 4265 450 4334 praebent
476 4267 561 4321 ceteri
580 4264 639 4321 cdd.
660 4266 786 4336 formam,
812 4267 856 4322 vel
881 4283 916 4322 ex
942 4283 974 4322 eo
1001 4273 1044 4323 eet
1070 4273 1206 4337 suspecte,
1233 4268 1299 4335 quia

216 4381 276 4420 cum
294 4368 377 4422 verbo
399 4367 507 4422 solutae
526 4367 661 4423 orationis
681 4365 826 4438 δεξιόομαι
846 4368 995 4438 congruit„
