3054 5010
742 368 786 434 27

267 552 272 561 ’
307 544 424 630 Leve
452 545 547 612 ἄλλοι
576 550 681 630 μῦθοι
710 544 782 609 ἔασι
814 546 1007 629 παρήγοροι,
1040 536 1193 627 οἷοίπερ
1218 541 1303 628 ἀνὴρ

219 664 388 751 θαρσύνοι
403 661 530 745 ἕταρον.
565 659 763 749 Optativum
778 664 870 728 recte
891 659 1076 749 explicavit
1087 658 1304 729 Welluuerus

220 779 347 849 collato
367 778 442 847 loco
458 776 625 845 simillimo
648 777 709 863 IV,
725 776 809 844 1719
833 776 928 864 ῥέζον
944 776 977 842 d'
996 777 1080 843 ὄσσα
1095 798 1157 861 περ
1181 778 1303 861 ἄνδρες

220 895 361 984 ἐρημαίῃ
383 897 434 961 ἔνι
457 893 562 980 ῥέζειν
582 894 587 981 Ι
607 894 690 982 ἀκτῇ
719 893 976 980 ἐφοπλίσσειανε
1007 893 1128 961 omissa
1151 895 1205 961 est
1226 914 1304 982 par·

222 1013 330 1081 tioula
351 1014 403 1096 ἄν,
437 1010 535 1080 velut
560 1011 693 1100 saepius
716 1011 751 1077 in
773 1010 929 1094 Homero,
965 1012 1097 1099 saepius
1125 1011 1161 1077 in
1182 1010 1304 1094 Arato,

219 1129 314 1197 cuius
347 1128 501 1216 exemplu
532 1127 672 1214 collegit
707 1127 872 1194 Meassius
906 1132 948 1212 (v.
981 1151 1014 1196 v.
1047 1128 1099 1211 76,
1132 1128 1184 1209 96,
1218 1126 1305 1213 248).

221 1244 477 1315 Attructionem
499 1247 613 1313 autem
634 1244 809 1312 modorum
825 1265 924 1333 quem
946 1244 1094 1328 dicimus,
1119 1266 1140 1312 a
1163 1243 1302 1314 Graecis

220 1362 544 1452 numerositatem,
579 1361 766 1430 invenimus
801 1360 892 1450 opud
921 1361 1140 1450 Apollonium
1173 1384 1304 1451 quoque

218 1478 286 1563 HI,
310 1479 375 1545 788
396 1482 559 1564 τεθναίην
573 1478 732 1566 αὐτῆμαρ,
756 1479 800 1544 ὅτ)
826 1479 1016 1560 ἐξανύσειεν
1039 1480 1165 1546 ἄεθλον
1181 1482 1217 1547 et
1233 1478 1302 1564 III,

219 1595 304 1665 1112
326 1597 422 1663 ἔλθοι
447 1634 485 1645 -
510 1597 650 1680 ἅγγελος
672 1597 773 1680 ὄρνις,
798 1595 841 1662 ὅτ’
868 1595 1062 1663 ἐκλελάθοιο
1086 1596 1184 1681 ἐμεῖο.

304 1712 451 1782 Casuum
473 1735 491 1780 e
513 1712 627 1781 verbis
650 1712 867 1801 pendentium
889 1735 985 1781 usum
1007 1715 1202 1802 comparato
1226 1712 1296 1780 Ho-
1341 1707 1360 1792 ἕ
1383 1707 1415 1775 9.

217 1830 341 1900 merico
371 1830 400 1898 si
422 1832 621 1920 spectemus,
652 1831 715 1898 hoc
745 1832 799 1898 est
827 1829 1055 1918 quaerendum
1083 1854 1163 1897 num
1185 1853 1204 1898 e
1226 1853 1301 1920 per-

218 1947 334 2016 multis
358 1949 468 2032 rebus,
500 1947 620 2036 quibus
642 1947 708 2036 Ap.
731 1947 862 2015 recedit
883 1951 925 2016 ab
948 1947 1106 2031 Homero,
1131 1949 1300 2036 congestis

217 2065 373 2154 interque
406 2086 442 2133 se
473 2063 676 2153 comparetis
707 2087 877 2133 commune
907 2064 1036 2153 aliquid
1068 2069 1301 2153 cognoscatur.

218 2182 362 2271 Singula
384 2183 482 2267 enim,
513 2204 599 2271 quae
622 2182 938 2270 Linsenberthius1)
961 2183 1111 2271 collegit,
1135 2183 1221 2249 nihil
1243 2183 1302 2252 ha-

216 2302 296 2369 bere
318 2300 479 2369 momenti
494 2299 607 2367 elucet
622 2323 664 2368 ex
678 2300 752 2388 ipso
774 2299 866 2367 illius
884 2300 1054 2388 opusculo,
1080 2301 1137 2388 qui
1159 2301 1303 2370 collecte

219 2439 327 2506 neque
356 2416 513 2504 digerere
542 2439 650 2505 neque
683 2417 850 2505 explicere
879 2420 1019 2484 conatus
1050 2417 1106 2484 sit.
1152 2418 1302 2506 Collegit

218 2537 332 2603 tumen
355 2555 481 2602 summe
502 2533 670 2601 industrio
692 2535 744 2601 ite
759 2536 798 2601 ut
820 2533 905 2601 nihil
920 2533 995 2601 fere
1018 2535 1210 2622 omitteret3
1235 2560 1302 2625 que

217 2650 260 2721 de
282 2673 382 2719 ceusu
401 2650 494 2718 illius
517 2651 677 2739 exemplis
699 2651 867 2735 nituntur,
892 2673 978 2741 quue
1000 2656 1196 2740 sequuntur.

304 2768 357 2836 Ac
378 2767 523 2858 primum
546 2768 680 2856 quidem
702 2767 812 2837 dativi
839 2791 944 2853 usum,
977 2771 1143 2856 quatenus
1167 2771 1208 2838 ab
1232 2771 1301 2839 Ηο-

217 2884 341 2953 merica
364 2884 552 2953 elocutione
575 2885 766 2968 abhorreat,
796 2885 1011 2974 inspicientes
1032 2886 1127 2971 nihil,
1152 2887 1180 2954 si
1203 2889 1300 2955 omitss

217 3001 320 3070 timus
342 3001 518 3091 participii
533 3004 740 3071 structuram
762 3025 902 3090 prorsus
919 3002 1118 3092 pedestrem,
1144 3026 1230 3093 quae
1245 3028 1300 3072 ex·

217 3121 291 3188 stat
318 3118 366 3203 II,
390 3120 456 3186 364
487 3119 752 3206 περιγνάμψαντι
772 3120 777 3206 Ι
796 3123 901 3198 πολὺς
930 3120 1164 3205 παρακέκλιται
1188 3161 1228 3173 -
1251 3124 1301 3189 αλ-

216 3238 341 3322 γιαλός,
366 3235 563 3321 invenimur,
586 3235 675 3325 quod
689 3235 812 3304 usitati
835 3243 888 3304 est
912 3238 1083 3305 sermonis.
1128 3238 1303 3307 Nonnulla,

218 3355 333 3422 tamen
356 3353 463 3421 verbu
485 3354 580 3441 epioe
602 3355 645 3421 ab
666 3352 813 3421 Homero
838 3353 992 3421 absolute
1015 3355 1137 3441 posits,
1169 3363 1300 3440 γηθεῑν,

216 3470 347 3556 ἡπύειν,
370 3471 578 3554 θηριάεσθαι,
602 3470 757 3554 ὁμαρτεῖν
771 3493 863 3538 more
879 3494 1145 3559 synonymorum
1163 3477 1300 3559 χαίρειν,

216 3589 301 3671 βοᾶν
323 3586 424 3675 (Xen.
447 3608 500 3655 en.
524 3586 678 3672 1,8,12;
703 3587 768 3674 19),
791 3594 961 3674 πολεμεῖν,
983 3588 1125 3655 ἕπεσθαι
1148 3588 1301 3658 dativum
1326 3648 1330 3655 .
1404 3602 1406 3607 ‘

216 3702 415 3784 adsciscunt,
453 3704 495 3770 ut
532 3703 599 3770 iem
635 3703 725 3791 opud
761 3703 945 3772 Hesiodum
983 3705 1135 3794 aliosque
1172 3709 1300 3794 poetes.

215 3819 430 3887 Homericum
453 3822 568 3887 eutem
592 3843 700 3908 genus
720 3820 852 3888 dicendi
873 3821 1010 3889 imitans
1027 3821 1115 3908 ἀμφί
1133 3844 1208 3889 oum
1230 3824 1307 3891 dat..

216 3958 278 4023 pro
301 3939 380 4022 περί
408 3958 482 4004 cum
511 3960 584 4024 gen.
606 3937 705 4025 ponit
726 3937 789 4021 IV,
814 3938 898 4005 1333
923 3938 1008 4024 ἀμφὶ
1032 3937 1068 4005 δὲ
1095 3942 1203 4028 νόστῳ
1227 3943 1299 4006 οὔτι

215 4052 291 4137 μάλ’
326 4052 464 4140 ἀντικρὺ
501 4053 585 4121 νοέα
623 4055 735 4140 φάτιν.
779 4054 874 4122 Idem
908 4055 1122 4123 Homericum
1156 4057 1305 4124 colorem.

309 4206 336 4275 1)
355 4205 398 4259 De
415 4205 556 4275 Apollonii
568 4207 620 4263 Rh.
636 4223 749 4265 casuum
767 4209 877 4282 syntaxi
895 4214 1055 4283 comparato
1073 4225 1127 4268 usu
1144 4209 1298 4271 Homerico.

216 4303 289 4362 Diss.
309 4304 385 4377 Lips.
407 4308 483 4363 1887.
