3054 5010
737 333 760 399 3

294 507 469 595 ὗποφήιης
480 509 603 590 autem,
619 507 685 596 Ap.
700 505 730 590 Ι,
741 505 836 590 1311,
854 504 1111 592 Theocritium
1126 505 1200 590 116,
1224 505 1292 575 iam

209 623 299 712 apud
321 625 470 692 Aratum
496 623 533 691 in
553 623 620 691 fine
644 646 766 692 versus
796 622 946 710 legitur3
969 624 1083 691 tamen
1105 622 1160 690 hio
1184 622 1291 690 Theo-

207 741 331 810 critum
358 739 541 829 Apollonio
571 763 668 808 usum
691 763 763 809 esse
786 761 804 808 e
827 739 1071 808 sententiarum
1093 742 1291 828 argumento

208 855 428 926 concluditur.
482 855 592 925 Simili
622 855 743 924 deinde
776 855 910 924 ratione
941 878 959 922 e
990 854 1143 924 versibus
1174 855 1292 924 allatis
1326 945 1328 948 Α

206 973 307 1042 multi
338 971 512 1062 segregari
545 977 697 1060 possunt.
744 970 838 1055 Quae
861 992 1062 1060 quamquam
1084 971 1196 1039 omnia
1216 994 1292 1040 oon·

207 1111 327 1179 gerere
349 1089 508 1158 editionis
529 1088 778 1178 Apollonianae
800 1090 864 1172 est,
888 1088 942 1156 oui
963 1089 1189 1157 recentiorum
1212 1111 1292 1177 quo·

208 1229 273 1296 que
294 1207 504 1275 imitationes
527 1204 701 1274 addendae
725 1204 803 1288 sint,
837 1207 953 1273 tamen
983 1205 1146 1273 nonnulle
1167 1205 1294 1274 addere

207 1323 284 1392 huic
315 1323 420 1412 capiti
450 1322 596 1408 institui,
630 1322 758 1410 quibus,
791 1322 875 1409 quot
906 1343 949 1389 ex
978 1318 1089 1410 poetis
1116 1321 1291 1410 Apollonii

208 1439 353 1508 elocutio
376 1439 550 1527 penderet,
574 1439 834 1528 perspiceretur.

294 1555 415 1624 Iliadis
437 1577 567 1645 parvae
588 1555 633 1623 fr.
657 1557 677 1622 6
698 1555 743 1622 Κ.
767 1554 952 1623 traduntur
972 1554 1056 1623 haec
1077 1557 1197 1624 verba:
1219 1560 1294 1641 ’Άμ-

208 1678 312 1740 urios
339 1672 382 1759 ἣν
405 1675 576 1760 Κρονίδης
608 1675 728 1760 ἔπορεν
759 1673 795 1739 οί
824 1673 943 1751 παιδὸς
973 1673 1095 1740 ἄποινα
1125 1676 1294 1759 χρυσείην,

209 1791 409 1877 φύλλοισιν
435 1789 645 1875 αγανοῑσινῑ)
681 1791 857 1874 αομόασαν
890 1813 959 1856 us.
972 1793 1019 1874 λς
1067 1789 1186 1878 quibus
1220 1811 1294 1857 oum

207 1905 320 1976 verbis
363 1905 586 1974 conferendus
621 1905 930 1993 Argonauticorum
969 1927 1089 1974 versus
1126 1905 1194 1990 ΙΠ,
1230 1906 1294 1972 928

208 2029 355 2110 αἴγειρος
377 2024 558 2107 φύλλοισιν
583 2020 786 2108 ἀπειρεσίοις
808 2024 979 2108 κομόωσα;
1014 2021 1182 2090 Homerus
1206 2020 1294 2088 enim

207 2138 294 2208 hanc
324 2138 421 2208 verbi
442 2147 548 2224 κομᾶν
569 2137 765 2206 abusionem
795 2137 943 2206 nondum
975 2137 1113 2207 admisit
1124 2137 1164 2225 ²);
1198 2137 1240 2206 of.
1265 2143 1295 2204 Θ

207 2257 259 2342 42,
283 2262 322 2323 Ν
340 2255 399 2322 24:
423 2254 597 2343 ἐθείρῃσιν
617 2257 796 2340 κομόωντε.

293 2372 449 2460 Hymnos
481 2393 614 2461 quoque
646 2371 841 2439 Homericos
864 2371 1066 2460 Apollonius
1098 2371 1218 2459 dignos
1252 2392 1294 2439 ex

209 2489 329 2578 quibus
343 2489 507 2575 hauriret,
524 2488 735 2557 existimavit
740 2513 748 2576 ς
765 2487 854 2576 quod
868 2488 984 2577 paucis
1001 2487 1161 2576 exemplis
1178 2487 1295 2556 allatis

211 2607 295 2676 satis
319 2609 567 2695 comprobatur.

293 2721 326 2791 h.
350 2723 447 2791 Hom.
470 2721 621 2807 XXXII,
647 2721 689 2790 18
720 2720 777 2790 σέο
800 2722 830 2788 δ’
853 2720 1037 2808 ἀρχόμενος
1066 2719 1146 2788 πλέα
1172 2732 1294 2808 φωτῶν

209 2838 329 2928 ᾄσομαι
351 2839 503 2926 ἡμιθέων
525 2846 561 2909 et
730 2821 737 2832 ⁰

294 2957 362 3046 Ap.
396 2956 424 3041 Ι,
456 2956 691 3044 1Ἅρχόμενος
723 2955 780 3024 σέο
803 2959 926 3040 Φοῖβε,
966 2953 1193 3039 παλαιγενέων
1215 2954 1295 3023 κλέα

210 3085 331 3160 φαιῶν
353 3077 522 3160 μνήσομαι
544 3073 636 3142 inter
657 3095 693 3141 se
715 3072 899 3141 cohaerent
907 3070 951 3160 8);

294 3190 378 3259 item
399 3189 432 3258 h.
456 3190 540 3260 Ven.
566 3189 629 3258 293
668 3191 796 3275 δείματι
825 3192 1030 3276 παλλόμεναι
1056 3219 1096 3253 ω
1120 3189 1182 3276 IV,
1208 3189 1293 3276 752;

297 3307 429 3394 ἀριθμός
450 3306 482 3375 h.
506 3306 608 3374 Mero.
632 3305 712 3392 524;
735 3307 802 3394 Ap.
825 3306 874 3391 H,
898 3306 980 3394 7553

302 3530 329 3600 1)
348 3527 414 3599 quid
431 3544 483 3600 pro
503 3533 632 3599 corrupto
651 3527 802 3598 ἀγανοῖσιν
820 3527 994 3585 scribendum
1012 3527 1057 3597 sit,
1076 3527 1195 3584 dubium.

299 3632 329 3702 2)
348 3629 510 3686 crediderim
527 3629 613 3700 igitir
625 3645 660 3686 ex
672 3627 767 3686 eodem
784 3629 862 3686 fonte
880 3645 1007 3686 manasse
1024 3630 1221 3700 metaphoram,
1240 3644 1295 3698 qua

210 3746 276 3788 usus
297 3739 340 3788 est
358 3730 450 3804 hymni
468 3731 498 3785 in
517 3730 575 3786 Ger.
596 3736 693 3786 auctor
711 3733 838 3801 4531454.

300 3833 329 3904 3)
350 3829 417 3888 ιιίεά
429 3840 530 3902 φωτῶν
548 3847 600 3902 pro
618 3831 764 3888 Homerica
782 3827 981 3887 formidantia
994 3831 1137 3900 ἀνδρῶνΙ
1150 3833 1208 3900 189,
1227 3831 1295 3900 5243

211 3935 235 3988 t>
252 3936 295 4003 73,
317 3933 346 3988 in
365 3949 420 4003 qua
437 3922 503 3988 atii
521 3948 556 3988 ex
574 3929 642 3987 ιιλίᾱ
658 3935 815 4002 correptum
841 3936 891 4002 est,
917 3932 952 3987 ab
970 3933 1023 4002 Ap.
1042 3931 1121 4001 quasi
1138 3929 1295 4001 ignorantia

211 4033 350 4090 Homerici
367 4033 476 4091 dicendi
500 4034 609 4106 generis
628 4033 800 4104 desumptum
818 4049 879 4090 esse
898 4032 1143 4102 Waohemagelius
1162 4032 1191 4086 in
1209 4030 1293 4088 schol.

211 4136 239 4192 h.
253 4137 369 4205 1904105
379 4137 481 4194 habitis
494 4136 706 4206 demonstrarit3
724 4140 864 4191 auctorem
875 4140 969 4192 autem
981 4134 1184 4204 depravationis
1203 4131 1296 4204 hymni

211 4237 287 4294 iilius
306 4241 416 4308 poetam
434 4236 529 4308 fuisse
549 4253 663 4294 eversu
682 4237 767 4294 allato
785 4237 883 4309 elucet.

1041 4339 1086 4406 1*
