3054 5010
745 349 789 416 28

222 526 315 596 diani
352 523 514 596 sermonis
551 547 649 594 usum
686 528 821 594 secutus
858 546 922 615 pro
949 520 1137 593 Homericis
1170 522 1307 592 vocibus
1362 550 1366 555 ·

220 645 343 731 τάμνω,
366 646 476 732 χρεία,
499 649 645 729 οῖγννμι,
673 644 793 729 εὔνησε
816 641 972 711 adhibuit
993 640 1111 727 τέμνω,
1143 642 1234 727 χράω
1256 641 1304 726 Π,

220 763 295 847 454,
330 762 420 846 οἴνα,
454 762 574 828 εὔνασε
597 760 626 845 Ι,
650 760 735 828 1155
758 759 813 840 al„
848 761 885 827 et
905 782 969 848 pro
992 762 1135 844 νοήσατο
1164 758 1307 827 ionicam

221 879 366 947 formam
398 878 528 945 νώσατο
561 876 624 960 IV,
657 876 742 944 1409
774 874 972 966 usurpavit3
1011 875 1157 943 formam
1194 880 1308 945 autem

223 995 386 1082 ἀνεύρατο
401 994 464 1074 IV,
487 994 572 1061 1133
588 993 669 1083 quin
683 993 749 1082 Ap.
765 1016 833 1062 non
848 993 1033 1084 scripserit,
1056 995 1147 1064 haud
1169 993 1306 1062 dubium

222 1112 370 1197 videtur,
409 1111 488 1201 quia
520 1112 632 1180 forma
664 1113 785 1200 postca
817 1111 901 1180 adeo
930 1111 1138 1201 pervulgata
1149 1112 1172 1200 1)
1206 1111 1307 1183 facile

221 1230 379 1318 ἀνεύρετο
402 1229 476 1297 loco
504 1250 640 1297 movere
669 1231 816 1317 poterat.
862 1228 1047 1298 Mutandae
1069 1251 1200 1318 quoque
1223 1233 1304 1299 sunt

220 1347 351 1416 formae
379 1349 482 1432 ἧεσαν
504 1345 570 1430 ΙΠ,
593 1345 658 1412 442
681 1346 717 1412 in
739 1348 854 1431 ἤισαν,
889 1345 951 1430 IV,
983 1346 1047 1414 618
1070 1347 1135 1433 μετ’
1162 1345 1303 1433 ἀνδράσι

219 1468 408 1550 αεκληίσται
440 1464 476 1531 in
508 1463 572 1548 μετ’
610 1463 773 1549 ἀνδράσιν
806 1463 975 1550 ἑκληάσται
1005 1463 1061 1552 (of.
1095 1464 1157 1549 IV,
1180 1465 1304 1553 990)⁹).

219 1582 272 1650 At
293 1581 404 1650 forma
426 1580 593 1666 ἐξεαγεῑσα
615 1580 677 1666 IV,
696 1581 781 1650 1686
797 1580 1065 1650 vetustissimum
1085 1581 1182 1648 nobis
1205 1582 1306 1650 testi·

219 1697 365 1766 monium
401 1697 494 1765 illius
532 1697 585 1765 rei
621 1699 787 1786 praebere
823 1697 1005 1787 adetum),
1045 1719 1144 1788 quam
1183 1701 1306 1788 postea

218 1818 338 1885 crebro
348 1816 374 1902 ⁴)
390 1816 517 1884 factam
539 1838 614 1884 esse
642 1815 779 1885 scimus:
803 1819 1020 1905 augmentum
1042 1815 1166 1885 aoristi
1188 1839 1230 1885 cx
1251 1816 1301 1884 in·

217 1933 366 2002 dicativo
400 1936 532 2001 ceteros
566 1934 603 2001 in
633 1934 748 2002 modos
773 1957 809 2002 se
830 1934 1026 2003 insinuavit.
1071 1933 1145 2018 Quo
1174 1956 1216 2002 ex
1237 1957 1304 2002 usu

218 2049 321 2118 etiam
351 2071 510 2138 praesens
541 2051 709 2118 κατεάσσο
740 2055 863 2140 postea
892 2051 1031 2140 prodiit.
1077 2051 1305 2120 Inveniuntur

218 2188 349 2256 quoque
372 2166 408 2233 in
430 2167 650 2256 Hippocratis
674 2167 812 2257 scriptis
835 2168 907 2236 eius
931 2168 1020 2236 modi
1043 2168 1183 2256 formae,
1207 2191 1236 2238 c.
1250 2191 1303 2258 gr.

217 2288 310 2370 μοχλ.
334 2284 354 2350 3
378 2283 441 2370 (ΙΙ,
464 2306 495 2373 p.
520 2284 594 2368 248,
617 2285 638 2350 6
661 2284 800 2373 Kuehl.)
821 2285 981 2371 κατεαγὲν
1013 2286 1166 2355 omnibus
1189 2286 1225 2354 in
1250 2307 1303 2354 co-

216 2401 345 2470 dicibus
367 2401 513 2489 legitur3
545 2423 579 2469 τε.
603 2402 701 2489 ἀρθρ.
726 2402 798 2487 opp.
821 2401 865 2468 14
886 2401 945 2490 (ΙΙ,
969 2426 1001 2492 p.
1020 2402 1093 2487 134,
1111 2402 1303 2489 12Kueh1.)

215 2530 410 2604 κατεαγεῑσα
431 2521 596 2607 praebent
611 2519 690 2602 MV,
714 2536 899 2605 κατεηγησα
921 2524 950 2585 Β
972 2525 1010 2586 Γ.
1034 2519 1162 2604 Quibus
1188 2541 1303 2609 quam·

215 2657 315 2725 quam
337 2635 500 2724 genuinas
525 2635 650 2704 formas
673 2636 746 2704 loco
769 2639 879 2704 motas
895 2659 969 2705 esse
984 2637 1085 2705 facile
1108 2636 1301 2724 credideris,

215 2758 329 2821 tamen
364 2752 595 2841 Apolloniana
632 2751 694 2821 illa
738 2752 872 2822 minime
916 2754 1114 2843 temptanda
1152 2754 1301 2839 videtur,

215 2869 337 2958 quippe
370 2891 469 2958 quam
500 2872 645 2938 metrum
676 2873 826 2938 tueatur.
879 2871 968 2939 Nam
990 2870 1019 2938 si
1042 2871 1117 2960 quis
1148 2871 1301 2958 ἐξαγεῖσα

213 2987 327 3076 legere
358 2986 453 3070 velit,
485 2986 617 3054 nullum
645 2988 749 3056 habet
782 2987 881 3056 huius
905 2993 927 3055 οἳ
947 2988 1186 3073 testimonium,
1221 2990 1300 3078 quia

213 3126 321 3193 neque
343 3101 445 3190 ἐᾶνην
467 3126 575 3192 neque
590 3106 746 3190 καταγείη
761 3104 824 3175 Ar.
840 3103 925 3172 Ach.
941 3105 1007 3172 944
1028 3104 1094 3173 huc
1115 3105 1299 3195 pertinent.

305 3328 333 3390 1)
350 3327 691 3400 Meistorhans·Schwpzer
708 3345 735 3399 p.
757 3330 822 3399 1843
849 3330 969 3402 Moyses,
988 3330 1107 3387 Gramm.
1127 3329 1153 3385 d
1172 3345 1213 3399 gr.
1232 3328 1299 3400 Pap.

212 3434 239 3488 p.
258 3420 357 3476 368ss.

302 3509 331 3579 2)
349 3509 379 3564 id
397 3507 471 3579 quod
489 3508 627 3564 Rzachius
647 3525 756 3579 quoque
775 3511 841 3566 vult.

301 3600 329 3669 3)
349 3599 524 3670 Duqussnoy‚
551 3599 598 3668 qui
616 3597 650 3654 de
676 3599 718 3654 his
737 3600 814 3656 verbi
832 3601 936 3671 ἀγννμι
954 3599 1051 3656 formis
1078 3601 1142 3670 egit,
1170 3601 1214 3670 (L‘
1234 3616 1299 3672 aug·

212 3692 287 3743 mont
304 3703 359 3743 oux
376 3688 493 3745 roriston
513 3688 549 3743 du
567 3689 650 3745 verbe
669 3689 782 3761 ἀννομι,
809 3691 888 3746 Paris
912 3692 994 3761 1891)
1012 3691 1190 3761 Apollonium
1208 3698 1300 3747 vetus·

212 3778 346 3834 tissimum
373 3779 438 3835 talis
467 3778 573 3835 formae
601 3784 700 3835 testem
728 3781 822 3850 habet,
850 3779 880 3835 id
909 3780 982 3849 quod
1010 3798 1044 3837 ox
1062 3781 1102 3836 Id.
1124 3782 1154 3838 F.
1173 3784 1242 3837 Anz.
1262 3783 1298 3850 ΙΙ,

212 3884 238 3937 p.
260 3871 311 3924 106
329 3869 450 3939 cognovi.

301 3957 330 4029 4)
349 3959 459 4029 Moyssr
477 3958 496 4014 l.
515 3959 533 4014 l.
553 3961 604 4014 345
615 3975 659 4030 ss;
687 3959 830 4015 Dieterich
855 3959 964 4016 Untsrs.
991 3978 1018 4031 p.
1037 3964 1105 4031 2123
1131 3960 1296 4016 Hatzidokis

211 4045 230 4102 l.
249 4045 267 4102 L
286 4063 313 4118 p.
333 4050 405 4117 63⁵3
425 4048 456 4104 G.
475 4048 571 4121 Meyer
588 4050 604 4120 ξ
622 4052 690 4120 483,
710 4050 791 4106 Blass
810 4050 858 4106 Gr.
878 4068 905 4120 p.
925 4053 976 4122 543
995 4049 1031 4106 cf.
1052 4051 1067 4123 ξ
1088 4052 1129 4119 15,
1151 4055 1173 4106 l.
