3054 5010
736 346 778 412 25

166 549 173 560 ·
212 521 246 610 η)
267 520 330 605 IV,
353 520 479 589 534ss:
504 521 560 588 ὅδε
582 521 739 588 κεύθεται
759 526 814 606 αῖη
837 559 881 570 -
902 522 1029 588 πολλὸν
1051 524 1193 606 ἔνερθεν

344 639 472 724 ούθεος,
494 640 539 716 ὥς
561 662 619 705 κεν
641 639 789 724 ἄφαντος
810 637 861 704 ἀεὶ
883 639 1063 726 μερόπεσσι
1087 636 1230 705 πέλοιτο.

213 753 252 843 θ)
274 753 336 840 IV,
360 755 423 822 766
437 777 469 822 s:
492 753 548 838 ααὶ
565 753 600 821 δὲ
617 764 662 842 τῷ
678 753 846 839 εἰπέμεναι
868 756 927 822 τὸν
951 753 1031 840 ἐμὸν
1053 757 1145 840 νόον,
1173 757 1217 833 ὥς
1238 778 1297 821 κεν

1198 871 1298 958 ἀήτας

344 990 470 1068 πάντας
491 989 706 1074 ἀπολλήξειεν
730 989 782 1072 (-
808 987 892 1074 μηδὲ
914 989 1098 1074 τρηχύνοι).

212 1104 240 1194 ι)
262 1106 324 1190 IV,
348 1106 413 1173 838
425 1128 474 1174 ss:
506 1105 577 1172 ἀλλ’
610 1108 680 1192 ὥρη
710 1108 846 1192 δολιχήν
876 1129 911 1172 τε
943 1104 998 1172 καὶ
1028 1107 1171 1172 ἄσπετον
1200 1101 1298 1189 οἶμον

1091 1223 1233 1308 ὁδεύειν,
1256 1260 1297 1273 -

345 1342 391 1418 ὥς
412 1363 470 1407 ιιεν
492 1341 624 1426 ὑπηῷοι
645 1343 828 1425 μνησαίατο
851 1342 973 1406 νόστον
997 1338 1142 1406 ἑλέσθαι.

302 1455 356 1524 Ex
370 1456 490 1545 quibus
507 1458 671 1544 quattuor
694 1455 737 1545 (o,
760 1482 791 1542 η,
812 1464 849 1542 θ,
872 1456 907 1543 ι),
930 1456 989 1523 ubi
1011 1458 1056 1534 ὥς
1069 1480 1127 1523 κεν
1149 1456 1299 1545 positum

215 1576 278 1654 est,
299 1571 477 1640 enuntiata
492 1571 535 1639 ad
551 1572 737 1661 exemplum
752 1571 968 1641 Homericum
980 1572 1003 1656 ¹)
1019 1572 1168 1640 formata
1184 1572 1298 1641 viden-

74 1688 78 1705 '
215 1692 275 1757 tur
305 1710 387 1757 esse.
439 1687 502 1773 IV,
528 1688 591 1755 363
621 1692 735 1757 autem
762 1690 937 1779 optativus
969 1690 1050 1778 quin
1081 1689 1299 1758 adhiberetur

215 1806 287 1874 fieri
312 1828 379 1873 non
400 1807 548 1894 poterat,
573 1805 651 1894 quia
674 1829 714 1876 ea
736 1829 822 1896 quae
844 1807 935 1875 inest
958 1806 1145 1875 sententia:
1173 1805 1299 1892 ,demit

217 1924 262 1992 du
294 1924 500 1994 unversehrt
527 1924 581 1993 die
604 1925 739 1994 Proben
768 1925 832 1992 mit
863 1923 928 1992 den
950 1924 1103 1992 Rindern
1133 1923 1203 1991 und
1233 1922 1299 1991 den

216 2039 480 2129 Erdgeborenen
513 2043 673 2111 bestehen
699 2041 882 2110 konntest“
907 2041 1131 2110 alienatione
1153 2061 1221 2107 non
1243 2063 1298 2109 ex·

215 2157 317 2246 primi
338 2162 485 2247 poterat,
509 2160 560 2226 ita
574 2164 615 2228 ut
630 2159 805 2248 optativus
822 2181 921 2248 quam
944 2180 1076 2247 semper
1097 2157 1266 2226 habuerat
1275 2157 1297 2241 ²)

216 2275 398 2363 praeteriti
434 2277 607 2344 notionem
644 2276 698 2343 hic
735 2279 899 2344 servaret.
950 2275 1002 2343 At
1040 2278 1204 2364 quattuor
1242 2274 1300 2362 qui

215 2395 351 2460 restant
371 2391 440 2460 loci
460 2393 504 2481 (α,
526 2397 558 2480 β,
582 2418 613 2478 y,
636 2393 664 2482 ζ)
686 2415 793 2481 neque
808 2392 989 2461 Homerica
1005 2391 1132 2460 habent
1148 2390 1300 2480 exempla

198 2528 323 2599 'neque
356 2509 459 2577 ah'ter
492 2511 666 2599 optativus
701 2509 863 2599 explicari
902 2511 1026 2598 potest.
1082 2508 1205 2597 Itaque
1237 2507 1300 2576 hoc

215 2626 311 2695 nobis
342 2627 562 2694 statuendum
586 2630 640 2695 est
661 2627 728 2693 iam
750 2626 785 2694 in
806 2625 1051 2715 Argonautiois
1083 2625 1181 2692 illum
1203 2627 1299 2715 opta·

215 2744 281 2813 tivi
302 2743 488 2828 interitum,
520 2766 616 2833 quem
637 2743 727 2832 apud
749 2743 931 2832 Polybium
952 2743 1177 2833 incipientem,
1210 2742 1301 2830 apud

214 2860 258 2928 N.
275 2860 313 2927 T.
331 2861 514 2950 scriptores
540 2882 646 2949 paene
669 2861 892 2950 perlectuml)
916 2861 1078 2944 videmus,
1101 2860 1300 2949 praeparari

216 2980 320 3067 atque
343 3000 385 3045 ex
409 2999 447 3045 eo
471 2979 635 3066 cognosci,
668 2978 757 3067 quod
788 2977 825 3045 in
855 2978 918 3046 illa
948 3000 1078 3067 quoque
1111 2976 1298 3061 enuntiata,

215 3094 251 3161 in
283 3094 412 3183 quibus,
447 3095 478 3163 si
510 3095 645 3182 singulo
680 3095 866 3164 omittimus
876 3096 913 3181 ⁴),
951 3095 994 3163 ad
1027 3094 1120 3162 illam
1151 3096 1300 3163 aetatem

215 3211 324 3281 locum
346 3235 413 3279 non
433 3212 618 3296 habuisset,
648 3213 827 3301 irreperet.
875 3211 974 3296 Quod
996 3216 1036 3281 ut
1057 3213 1158 3281 fieret
1186 3233 1299 3301 quarn·

216 3350 314 3417 quam
336 3328 486 3397 forsitan
506 3352 567 3418 pro
592 3352 653 3398 sua
675 3333 773 3418 parte
796 3330 950 3398 effecerit
972 3330 1176 3398 conscientia
1198 3350 1299 3418 quae·

216 3445 292 3513 darn
313 3445 480 3534 generalis
496 3447 664 3516 vetustius
688 3446 817 3536 aliquid
839 3446 1052 3535 vetustisque
1075 3445 1298 3535 scriptoribus

307 3657 334 3727 1)
352 3655 389 3714 ci.
401 3657 512 3728 Weber,
531 3659 896 3730 Entvicklungsgeschichto
908 3657 958 3714 der
969 3658 1185 3726 Absiehtssttze,
1198 3675 1224 3728 p.
1233 3659 1267 3713 44
1275 3673 1297 3713 s.

304 3748 333 3816 2)
353 3763 376 3802 e.
396 3764 436 3816 gr.
458 3752 488 3802 T.
508 3751 543 3804 90
561 3747 631 3803 ἀλλὰ
649 3751 680 3803 τί
696 3745 887 3820 κενύέξαιμις

304 3838 332 3905 3)
352 3835 387 3892 cf.
406 3837 486 3893 Blass
506 3838 552 3894 Gr.
565 3856 592 3908 p.
605 3842 666 3908 224,
684 3841 753 3908 2253
772 3845 800 3894 et
818 3838 1046 3907 dissertationem,
1067 3853 1147 3906 quam
1166 3836 1200 3891 de
1220 3842 1297 3906 opta-

214 3925 343 3990 tiriaca,
369 3927 457 3994 qualis
476 3927 504 3982 in
523 3927 636 3998 Polybio
656 3934 684 3984 et
701 3929 816 3984 Philone
842 3933 972 3997 exstaret,
998 3929 1026 3983 Ο.
1044 3928 1159 3983 Reikius
1177 3926 1297 3995 scripsit,

215 4014 291 4084 Lips.
312 4017 388 4070 1907.

304 4105 333 4173 4)
352 4120 423 4175 quoe
440 4106 562 4162 invenias
582 4106 656 4177 apud
674 4108 706 4163 G.
725 4109 769 4163 W.
789 4108 926 4163 Schmidt:
946 4109 987 4163 De
1005 4108 1046 4162 Fl.
1066 4108 1123 4162 Jos.
1143 4108 1297 4163 elocutione

215 4211 241 4263 p.
261 4195 322 4264 406,
342 4199 370 4249 et
388 4194 474 4265 Stahl,
494 4197 598 4267 Syntax
616 4196 664 4252 des
683 4213 723 4267 gr.
736 4198 871 4254 Verbums
889 4215 917 4268 p.
930 4201 997 4253 482:
1019 4213 1097 4270 ,man
1115 4197 1185 4254 vird
1202 4196 1297 4257 diesen

215 4282 360 4340 Gebrauch
378 4283 424 4340 fiir
442 4285 510 4341 Xen.
530 4287 678 4359 zugebsn“.
