3054 5010
779 400 821 469 14

260 576 374 644 auiam
404 595 491 664 qnae
521 573 626 643 nitori
655 573 768 643 ordini
797 575 1007 660 tribuuntur,
1039 597 1113 644 oum
1144 598 1340 647 enumerare

258 693 369 760 omnia
390 691 528 781 longum
549 694 653 780 abque
675 691 798 761 inutile
821 691 1072 781 sis-magnus
1094 693 1183 761 enim
1204 694 1344 762 illorn'm'

256 831 415 878 numerus
437 847 489 894 -,
514 809 580 877 duo
602 811 738 878 tantum
760 807 891 878 formae
914 809 1116 895 efferantur,
1140 810 1258 899 quibus
1273 811 1340 901 Ap.

256 948 355 994 voees
378 925 574 1014 ceteroquin
596 925 744 995 usitatas
767 924 910 995 diiavi‘o:

256 1041 322 1128 111,
336 1043 398 1110 168
421 1044 528 1129 ήροες
544 1095 550 1109 .
569 1093 576 1110 .
592 1093 600 1111 .
617 1042 655 1111 ἐν
670 1052 807 1133 ποταμῷ
828 1043 906 1110 καθ’
930 1041 1005 1122 ἕλος
1027 1043 1240 1132 λελοχημένοι
1262 1045 1340 1130 ήγο-

342 1162 480 1246 ρόοντο,

256 1276 335 1365 (ΙΙΙ,
359 1277 424 1344 617
446 1280 570 1363 μίμνον
592 1326 601 1344 .
626 1326 633 1344 .
657 1275 902 1364 λελοχημένοι),
926 1276 1015 1365 quod
1037 1276 1227 1366 perfeo'oum
1249 1283 1340 1345 λελο-

256 1393 393 1480 χημένοι
416 1394 457 1461 ab
479 1392 663 1482 Apollonio
694 1396 857 1463 novatum
879 1396 934 1461 est
956 1393 1001 1461 ad
1032 1393 1219 1483 exemplum
1241 1394 1339 1463 Hom.

256 1514 464 1597 λοχήσασθαι
489 1532 545 1597 „se
579 1509 614 1576 in
646 1509 777 1578 insidiis
811 1509 997 1578 oollooare“
1022 1510 1057 1599 (ὃ
1079 1512 1173 1599 388);
1210 1511 1341 1579 nullnm

257 1627 344 1696 enim
365 1631 505 1717 praeter
518 1627 712 1696 Homericos
727 1627 881 1697 invenire
902 1629 1001 1717 potui
1021 1628 1131 1698 looum
1149 1629 1219 1697 nisi
1232 1629 1339 1698 Anth.
1361 1647 1363 1653 ·

255 1745 329 1813 Pal.
353 1745 435 1830 VII,
458 1747 532 1830 717,
542 1745 574 1830 4,
595 1745 655 1812 ubi
675 1744 774 1812 huius
796 1744 890 1814 vocis
912 1745 1058 1814 medium
1079 1746 1339 1840 (λοχηοάμενος),

255 1862 385 1930 nullum
407 1863 475 1930 nisi
495 1861 751 1952 Apollonianos,
782 1863 841 1932 ubi
869 1863 1058 1952 perfeetum
1079 1866 1202 1932 exstet.
1245 1862 1340 1932 Idem

256 1979 323 2047 diei
343 1981 460 2069 potes’o
472 1979 523 2048 ‘de
545 1979 631 2068 perf.
648 1979 838 2066 βεβιημένοι
860 1979 926 2065 ΙΙΙ,
943 1980 1038 2066 1249,
1061 1980 1125 2065 IV,
1144 1980 1228 2048 1392
1251 1979 1341 2068 quod

257 2096 411 2165 imitatus
434 2103 488 2165 est
511 2096 595 2185 Opp.
618 2095 697 2164 Hal.
721 2096 750 2180 I,
775 2096 850 2166 22A

144 2215 217 2301 54.
344 2214 469 2282 Altera
492 2213 612 2281 deinde
640 2213 826 2281 formarum
859 2215 1011 2303 quaestio
1045 2213 1088 2282 de
1121 2213 1219 2283 verbi
1239 2235 1339 2302 gene·

256 2330 350 2399 ribus
381 2334 442 2416 est,
475 2329 617 2420 simplex
639 2330 669 2398 si
690 2330 732 2399 do
760 2331 904 2420 passivo,
937 2330 1087 2400 difficilis
1110 2331 1139 2399 si
1161 2331 1203 2400 de
1225 2331 1338 2401 activo

256 2447 430 2536 medioque
454 2447 579 2535 agitur.
624 2448 778 2518 Novavit
793 2448 881 2518 enim
901 2447 973 2537 ipse
989 2448 1055 2538 Ap.
1071 2448 1207 2538 passiva
1220 2469 1337 2538 panea.

256 2564 353 2633 Hom.
371 2569 407 2629 H
426 2565 489 2632 302
512 2564 656 2654 legimns

342 2682 394 2768 ήά’
418 2679 484 2751 αὖτ’
510 2683 547 2750 ἐν
569 2685 722 2770 φιλότητι
738 2683 912 2769 διέτμαγεν
929 2683 1142 2771 ἀρθμήσαντε
1168 2682 1339 2770 „amioiiia

256 2799 486 2868 discesserunt
520 2799 719 2869 coniuncto.
784 2799 902 2868 Talem
935 2799 1022 2868 enim
1059 2798 1340 2888 significationem

256 2915 365 2984 inesse
380 2915 455 2984 vooi
475 2915 688 3002 ἀρθμήσαντε
710 2914 927 2984 manifestum
949 2918 1011 3000 est,
1035 2914 1170 2983 oolla'tis
1193 2914 1340 2983 eiusdem

257 3031 376 3121 stirpis
398 3031 536 3100 vocibus
558 3032 689 3117 ἀρθμός
711 3030 755 3117 (h.
771 3029 873 3099 Mene.
889 3031 968 3118 524;
992 3029 1115 3099 Aeseh.
1131 3029 1241 3098 Prom.
1258 3030 1337 3116 191;

255 3148 323 3238 Ap.
346 3148 411 3217 Rh.
434 3148 483 3234 H,
506 3148 584 3235 755)
617 3151 653 3216 es
685 3150 830 3235 ἀρθμιος
861 3147 907 3236 (τε,
931 3148 1014 3235 427,
1049 3146 1133 3216 Ηάλ.
1156 3146 1239 3231 VII,
1264 3147 1336 3232 101,

256 3265 318 3350 ΙΧ,
335 3267 380 3352 9).
413 3265 479 3355 Ap.
504 3268 618 3334 autem
638 3265 667 3350 Ι,
685 3265 771 3332 1344
793 3264 1008 3334 Telamonem
1030 3271 1065 3334 et
1087 3264 1243 3333 Iasonem
1272 3264 1340 3333 ira·

256 3383 379 3451 cundia
408 3386 532 3472 pacata
560 3404 679 3450 rursus
711 3404 747 3450 se
777 3381 987 3451 coniunxisse
1017 3381 1117 3450 diois:
1149 3377 1170 3466 ή
1200 3382 1252 3469 ῥα,
1283 3379 1339 3448 καὶ

257 3499 497 3586 ἀρθμηθέντες,
522 3499 586 3586 ὅπη
608 3499 724 3587 πάρος,
748 3497 943 3587 ἑδριόωντο,
966 3497 1106 3567 adhibes
1126 3497 1235 3588 igitur
1257 3497 1339 3584 ἀρθ·

256 3617 418 3702 μηθέντες
433 3616 548 3686 eadem
561 3617 635 3685 fere
657 3616 795 3685 notione
818 3620 921 3706 atque
933 3615 1099 3685 Homerus
1116 3616 1339 3702 ἀρθμήσαντε,

256 3733 393 3822 passiva
415 3735 512 3802 verbi
533 3734 570 3803 vi
591 3733 755 3802 adduo'sus
789 3737 850 3802 aut
880 3733 960 3823 quia
989 3732 1081 3802 haud
1111 3733 1178 3802 seio
1205 3754 1249 3802 an
1278 3731 1340 3800 illo

256 3850 330 3918 loco
352 3850 530 3919 Homerico
553 3850 680 3940 legerit
702 3849 924 3937 ἀρθμηθέντε.

343 3967 405 4053 IV,
437 3967 500 4035 156
530 3968 551 4053 ή
582 3967 623 4034 δέ
650 3993 709 4053 μιν
731 3967 913 4055 ἀρκεύθοιο
935 3966 1015 4035 νέον
1042 3969 1193 4054 τετμηότι
1224 3967 1340 4055 θάλλμ

257 4121 300 4136 ·—
321 4121 365 4134 -
388 4085 482 4171 ῥαῖνε
503 4085 572 4152 κατ’
597 4085 794 4171 ὀφθαλμῶν,
815 4084 875 4153 ubi
895 4086 1047 4171 τετμηότι
1072 4083 1174 4152 eliber
1189 4106 1228 4154 ao
1252 4106 1340 4170 „seo-

260 4202 317 4270 'oo“
342 4201 567 4292 interpretari
588 4224 683 4272 nemo
706 4203 822 4292 potens
842 4223 951 4290 neque
972 4201 1132 4288 indicare,
1155 4225 1221 4292 quo
1242 4199 1340 4270 modo

265 4320 332 4412 Ap.
356 4318 442 4391 hono
463 4318 541 4389 huie
561 4319 692 4389 formae
722 4319 895 4390 notionem
924 4319 1075 4390 mouere
1105 4317 1267 4411 posuerit,
1299 4315 1341 4388 de
