3054 5010
765 378 789 447 ⁷

230 557 325 626 illam
347 554 569 626 elocutionem
591 576 670 624 suae
698 553 803 644 ipsius
836 553 973 643 linguae
1002 552 1209 623 auctoritate
1231 575 1318 624 com·
1402 608 1404 613 .
1491 602 1493 606 s

231 678 341 743 motus
373 672 596 743 transformet
627 675 664 740 et
694 671 871 760 analogiae
902 693 1003 761 quam
1036 670 1174 739 dicimus
1197 671 1233 741 vi
1261 671 1318 742 ad-

231 791 350 861 ductus
382 790 455 860 sive
483 790 600 858 formis
623 789 694 859 sive
717 789 828 857 verbis
852 789 987 857 novatis
1010 787 1206 876 locupletet,
1238 789 1318 878 quia

231 931 362 997 semper
394 913 430 975 et
461 929 571 976 novae
602 929 657 974 res
689 926 796 975 novas
828 905 1006 994 postulant
1027 926 1125 975 voces
1158 907 1194 973 et
1221 927 1316 975 mens

228 1026 373 1093 humana
395 1045 500 1092 novas
531 1023 666 1112 profert
693 1023 857 1092 notiones.
902 1023 1025 1112 Itaque
1048 1023 1078 1090 si
1099 1045 1315 1113 unumquem-

230 1165 293 1232 que
316 1143 452 1231 poetam
474 1143 729 1230 perscrutantes
751 1141 814 1208 hoc
836 1139 1111 1230 quaesiverimus,
1135 1140 1256 1229 quibus
1279 1141 1315 1209 in

228 1261 337 1343 rebus,
371 1257 580 1347 deindeque
603 1258 644 1326 de
669 1279 770 1326 causa
793 1257 931 1327 recedat
960 1260 1002 1326 ab
1027 1257 1185 1343 Homero,
1209 1279 1313 1348 quan·

227 1379 347 1466 tepere
377 1375 547 1464 pendeant
578 1375 664 1463 epici
692 1396 824 1465 quoque
848 1374 970 1444 Graeci
992 1396 1035 1443 ex
1067 1397 1202 1444 suorum
1228 1377 1313 1446 tem·

227 1517 346 1583 porum
369 1492 617 1562 condicionibus
641 1492 839 1578 videbimus,
874 1493 1027 1582 quamvis
1054 1514 1178 1582 magna
1207 1493 1314 1562 fuerit

228 1610 280 1678 vis
302 1609 474 1678 Homerici
495 1610 668 1694 sermonis,
695 1610 768 1695 ,die
792 1609 907 1678 Macht
930 1609 991 1678 der
1012 1610 1313 1680 lronventionellen

228 1726 384 1816 epischen
406 1725 566 1814 Sprache,
600 1727 655 1796 die
677 1726 763 1796 aller
786 1726 863 1795 Zeit
885 1749 928 1794 zu
951 1729 1090 1816 spotten
1111 1727 1262 1798 scheint“
1277 1729 1312 1818 1).

313 1843 396 1913 Cum
419 1846 534 1913 autem
559 1843 683 1913 eisdem
707 1843 781 1912 fere
803 1844 934 1914 viribus
956 1843 1042 1912 hanc
1065 1844 1178 1934 opicae
1201 1845 1312 1915 elocu-

225 1961 330 2030 tionis
354 1961 650 2030 commutationem
674 1963 829 2030 effectam
852 1984 925 2031 esse
947 1983 1195 2050 cognoscamus,
1229 1985 1312 2052 quas

225 2077 378 2146 valentes
409 2073 561 2145 videmus
589 2077 701 2150 ,etiam
729 2076 765 2144 in
797 2077 975 2147 universae
1007 2077 1215 2148 Graecorum
1245 2079 1311 2148 lin·

225 2215 313 2282 guae
328 2193 531 2278 evolutione,
554 2196 595 2261 ut
609 2196 747 2262 nostrae
762 2195 887 2262 aetatis
903 2194 1102 2263 vocabulum
1124 2195 1309 2282 adhibeam,

226 2310 377 2381 vicissim
406 2333 448 2379 ex
478 2311 541 2379 bac
561 2311 598 2378 in
619 2311 718 2379 unius
749 2315 872 2400 poetae
903 2334 1089 2381 sermonem
1111 2314 1310 2403 quaestione

223 2425 314 2494 haud
349 2425 417 2494 scio
441 2447 486 2494 an
507 2425 596 2495 lucri
617 2426 747 2515 aliquid
769 2426 813 2494 ad
834 2427 1028 2497 universam
1059 2429 1209 2519 linguam
1232 2453 1309 2520 cog-

223 2543 424 2612 noscendam
446 2546 657 2633 apportetur.

312 2658 400 2730 Sane
436 2660 499 2729 hoc
534 2684 577 2730 ne
615 2661 853 2731 obliviscamur
897 2663 1100 2733 cavendum:
1146 2666 1309 2753 quantum

221 2779 398 2869 Apollonii
421 2779 565 2848 elocutio
600 2781 642 2848 ab
664 2781 844 2848 Homerica
877 2781 1018 2850 differat
1028 2782 1062 2870 ²),
1097 2805 1172 2850 cum
1203 2783 1306 2853 facile

225 2895 382 2986 cognosci
403 2899 528 2985 potest,
563 2899 637 2965 tum
659 2897 796 2968 levioris
821 2898 906 2966 scire
927 2900 1025 2967 nobis
1047 2901 1208 2970 momenti
1239 2904 1301 2986 eat,

224 3014 292 3082 nisi
307 3035 425 3081 causas
440 3012 617 3082 recedendi
634 3015 825 3104 perspicere
842 3016 1046 3084 conabimur.
1083 3017 1176 3085 Illud
1190 3021 1304 3087 autem

221 3134 262 3199 ut
283 3130 558 3198 demonstrarent
580 3153 715 3221 operam
737 3131 905 3200 dederunt
927 3132 996 3201 viri
1018 3133 1110 3202 docti
1131 3135 1302 3222 nonnulli,

221 3250 260 3316 ut
274 3246 347 3331 hoo,
363 3247 453 3336 quod
469 3247 621 3336 equidem
635 3248 777 3332 videam,
801 3249 910 3317 adhuc
923 3272 1030 3318 nemo.

308 3363 541 3452 Quaecumque
563 3364 671 3452 igitur
694 3365 738 3433 ad
760 3387 856 3433 usum
879 3367 1066 3451 verborum,
1101 3367 1132 3435 h.
1150 3391 1176 3436 e.
1202 3369 1304 3456 ρημά·

219 3505 287 3550 των
308 3480 484 3570 Apollonii
506 3482 691 3571 pertinent,
713 3485 868 3555 ,tractare
891 3484 1074 3573 aggrediar
1083 3484 1117 3573 ³).

310 3705 338 3775 1)
356 3722 380 3760 v.
400 3705 592 3775 Wilamowitz,
611 3705 713 3761 IIultur
731 3705 781 3762 der
799 3707 925 3777 (tegeno.
945 3707 1017 3777 VIII,
1039 3712 1062 3778 1,
1081 3726 1108 3778 p.
1128 3711 1189 3764 217.

308 3807 337 3877 2)
357 3805 390 3863 G.
409 3806 558 3876 Hermann,
578 3805 677 3877 Opusc.
691 3807 726 3875 II,
746 3809 796 3863 36:
816 3813 940 3878 ,tantum
959 3808 1046 3877 abest,
1066 3813 1098 3863 ut
1111 3812 1168 3892 Ιιἠ).
1182 3809 1235 3864 Rh.
1248 3810 1304 3866 Ho-

218 3920 322 3960 merum
338 3906 434 3977 utique
453 3912 583 3976 sectetur,
601 3913 633 3963 ut
651 3908 709 3964 eius
729 3909 818 3964 oratio
838 3909 873 3964 ab
891 3909 1037 3965 Homerica
1055 3910 1152 3965 mirum
1172 3915 1304 3979 quantum

218 4003 370 4076 discrepet3
398 4006 432 4064 de
451 4023 506 4077 qua
524 4024 556 4064 re
575 4009 622 4078 qui
640 4009 729 4078 plura,
749 4025 832 4078 quam
850 4025 921 4079 quae
940 4010 1029 4066 obiter
1048 4012 1181 4082 inspectis
1200 4011 1301 4068 utrius·

219 4121 273 4175 quc
290 4112 390 4177 poetae
407 4109 573 4165 carmInibus
593 4111 756 4180 ocurrerint,
776 4109 876 4167 afferre
887 4110 961 4181 velit,
981 4112 1049 4168 satis
1068 4128 1195 4183 magnum
1213 4112 1302 4183 possit

216 4207 316 4265 ebrum
334 4209 533 4265 conscriberet

305 4310 335 4382 2)
353 4309 397 4364 le
408 4309 548 4381 librorum,
567 4311 665 4382 quibus
678 4312 786 4369 omnino
798 4313 827 4370 in
839 4314 891 4370 hoc
903 4313 1035 4385 opusculo
1048 4313 1214 4372 conficiendo
1229 4328 1296 4372 usna
1374 4328 1378 4332 ’
