<?xml version="1.0" encoding="UTF-8"?>
<!DOCTYPE html PUBLIC "-//W3C//DTD XHTML 1.0 Transitional//EN"
    "http://www.w3.org/TR/xhtml1/DTD/xhtml1-transitional.dtd">
<html xmlns="http://www.w3.org/1999/xhtml" xml:lang="en" lang="en">
 <head>
  <title>
</title>
<meta http-equiv="Content-Type" content="text/html;charset=utf-8" />
  <meta name='ocr-system' content='tesseract 3.04.00' />
  <meta name='ocr-capabilities' content='ocr_page ocr_carea ocr_par ocr_line ocrx_word'/>
</head>
<body>
  <div class='ocr_page' id='page_1' title='image "./deapolloniirhod01boesgoog_0033.png"; bbox 0 0 3054 5010; ppageno 0'>
   <div class='ocr_carea' id='block_1_1' title="bbox 717 328 759 401">
    <p class='ocr_par' dir='ltr' id='par_1_1' title="bbox 717 328 759 401">
     <span class='ocr_line' id='line_1_1' title="bbox 717 328 759 401; baseline -0.119 0"><span class='ocrx_word' id='word_1_1' title='bbox 717 328 759 401; x_wconf 77' lang='grc' dir='ltr'>θλ</span> 
     </span>
    </p>
   </div>
   <div class='ocr_carea' id='block_1_2' title="bbox 195 502 1287 3989">
    <p class='ocr_par' dir='ltr' id='par_1_2' title="bbox 195 502 1282 711">
     <span class='ocr_line' id='line_1_2' title="bbox 196 502 1282 595; baseline -0.004 -20"><span class='ocrx_word' id='word_1_2' title='bbox 196 506 249 575; x_wconf 89' lang='lat' dir='ltr'>ita</span> <span class='ocrx_word' id='word_1_3' title='bbox 277 508 319 575; x_wconf 89' lang='lat' dir='ltr'>ut</span> <span class='ocrx_word' id='word_1_4' title='bbox 340 527 541 595; x_wconf 82' lang='lat' dir='ltr'>progressus</span> <span class='ocrx_word' id='word_1_5' title='bbox 570 504 607 572; x_wconf 92' lang='lat' dir='ltr'>in</span> <span class='ocrx_word' id='word_1_6' title='bbox 635 525 735 573; x_wconf 88' lang='lat' dir='ltr'>uuam</span> <span class='ocrx_word' id='word_1_7' title='bbox 759 503 965 592; x_wconf 80' lang='lat' dir='ltr'>eandemque</span> <span class='ocrx_word' id='word_1_8' title='bbox 995 507 1130 592; x_wconf 80' lang='lat' dir='ltr'>partem</span> <span class='ocrx_word' id='word_1_9' title='bbox 1159 502 1282 572; x_wconf 72' lang='lat' dir='ltr'>dueeti</span> 
     </span>
     <span class='ocr_line' id='line_1_3' title="bbox 195 622 922 711; baseline -0.006 -18"><span class='ocrx_word' id='word_1_10' title='bbox 195 622 425 693; x_wconf 81' lang='lat' dir='ltr'>testimonium</span> <span class='ocrx_word' id='word_1_11' title='bbox 446 623 643 711; x_wconf 87' lang='lat' dir='ltr'>praebeant.</span> <span class='ocrx_word' id='word_1_12' title='bbox 918 632 922 639; x_wconf 90' lang='lat'><em>&#39;</em></span> 
     </span>
    </p>

    <p class='ocr_par' dir='ltr' id='par_1_3' title="bbox 324 737 1108 825">
     <span class='ocr_line' id='line_1_4' title="bbox 324 737 1108 825; baseline -0.004 -16"><span class='ocrx_word' id='word_1_13' title='bbox 324 739 507 825; x_wconf 81' lang='grc' dir='ltr'><strong><em>τεθηπέναι</em></strong></span> <span class='ocrx_word' id='word_1_14' title='bbox 531 738 598 821; x_wconf 91' lang='grc' dir='ltr'>ΙΠ,</span> <span class='ocrx_word' id='word_1_15' title='bbox 622 738 687 805; x_wconf 78' lang='lat'>215</span> <span class='ocrx_word' id='word_1_16' title='bbox 897 737 1108 824; x_wconf 78' lang='grc' dir='ltr'>(θαυμάζειν)</span> 
     </span>
    </p>

    <p class='ocr_par' dir='ltr' id='par_1_4' title="bbox 325 854 1068 943">
     <span class='ocr_line' id='line_1_5' title="bbox 325 854 1068 943; baseline -0.001 -19"><span class='ocrx_word' id='word_1_17' title='bbox 325 858 557 925; x_wconf 80' lang='grc' dir='ltr'><strong><em>παλάσσεσθαι</em></strong></span> <span class='ocrx_word' id='word_1_18' title='bbox 579 856 607 940; x_wconf 89' lang='grc' dir='ltr'>Ι,</span> <span class='ocrx_word' id='word_1_19' title='bbox 631 855 695 922; x_wconf 86' lang='grc'>358</span> <span class='ocrx_word' id='word_1_20' title='bbox 895 854 1068 943; x_wconf 81' lang='grc' dir='ltr'><strong><em>(κληροῦν)</em></strong></span> 
     </span>
    </p>

    <p class='ocr_par' dir='ltr' id='par_1_5' title="bbox 199 972 1074 1178">
     <span class='ocr_line' id='line_1_6' title="bbox 325 972 1074 1063; baseline -0.004 -21"><span class='ocrx_word' id='word_1_21' title='bbox 325 977 492 1063; x_wconf 79' lang='grc' dir='ltr'><strong><em>μύρεσθαι</em></strong></span> <span class='ocrx_word' id='word_1_22' title='bbox 513 972 577 1059; x_wconf 93' lang='grc' dir='ltr'>ΠΙ,</span> <span class='ocrx_word' id='word_1_23' title='bbox 602 974 666 1040; x_wconf 87' lang='grc'>656</span> <span class='ocrx_word' id='word_1_24' title='bbox 897 972 1074 1061; x_wconf 82' lang='grc' dir='ltr'>(οἰμώζειν)</span> 
     </span>
     <span class='ocr_line' id='line_1_7' title="bbox 199 1089 777 1178; baseline 0 -19"><span class='ocrx_word' id='word_1_25' title='bbox 199 1138 207 1147; x_wconf 85' lang='lat'><strong>·</strong></span> <span class='ocrx_word' id='word_1_26' title='bbox 324 1103 483 1178; x_wconf 81' lang='grc' dir='ltr'><strong><em>καναχεῖν</em></strong></span> <span class='ocrx_word' id='word_1_27' title='bbox 504 1090 567 1176; x_wconf 85' lang='lat' dir='ltr'>IV,</span> <span class='ocrx_word' id='word_1_28' title='bbox 591 1091 654 1158; x_wconf 86' lang='grc'>907</span> <span class='ocrx_word' id='word_1_29' title='bbox 677 1089 777 1177; x_wconf 80' lang='grc' dir='ltr'><strong><em>μέλος</em></strong></span> 
     </span>
    </p>

    <p class='ocr_par' dir='ltr' id='par_1_6' title="bbox 326 1206 1035 1297">
     <span class='ocr_line' id='line_1_8' title="bbox 326 1206 1035 1297; baseline -0.004 -21"><span class='ocrx_word' id='word_1_30' title='bbox 326 1209 483 1297; x_wconf 87' lang='grc' dir='ltr'><strong><em>φυσιάειν</em></strong></span> <span class='ocrx_word' id='word_1_31' title='bbox 504 1207 551 1292; x_wconf 94' lang='grc' dir='ltr'>Π,</span> <span class='ocrx_word' id='word_1_32' title='bbox 575 1209 618 1275; x_wconf 85' lang='grc'>87</span> <span class='ocrx_word' id='word_1_33' title='bbox 896 1206 1035 1296; x_wconf 82' lang='grc' dir='ltr'><strong><em>(φυσᾶν)</em></strong></span> 
     </span>
    </p>

    <p class='ocr_par' dir='ltr' id='par_1_7' title="bbox 195 1321 1282 1767">
     <span class='ocr_line' id='line_1_9' title="bbox 328 1321 1124 1411; baseline -0.006 -18"><span class='ocrx_word' id='word_1_34' title='bbox 328 1326 510 1411; x_wconf 80' lang='grc' dir='ltr'><strong><em>ἀπολήγειν</em></strong></span> <span class='ocrx_word' id='word_1_35' title='bbox 532 1323 595 1408; x_wconf 90' lang='lat' dir='ltr'>IV,</span> <span class='ocrx_word' id='word_1_36' title='bbox 619 1324 682 1391; x_wconf 80' lang='lat'>767</span> <span class='ocrx_word' id='word_1_37' title='bbox 900 1321 1124 1410; x_wconf 81' lang='grc' dir='ltr'><strong><em>(ἀποπνέειν).</em></strong></span> 
     </span>
     <span class='ocr_line' id='line_1_10' title="bbox 200 1439 1280 1526; baseline -0.006 -15"><span class='ocrx_word' id='word_1_38' title='bbox 200 1456 203 1462; x_wconf 90' lang='grc'><strong>’</strong></span> <span class='ocrx_word' id='word_1_39' title='bbox 285 1443 459 1510; x_wconf 79' lang='grc' dir='ltr'><strong><em>ἐπαίσσειν</em></strong></span> <span class='ocrx_word' id='word_1_40' title='bbox 482 1443 511 1526; x_wconf 90' lang='grc' dir='ltr'>Ι,</span> <span class='ocrx_word' id='word_1_41' title='bbox 536 1441 637 1509; x_wconf 82' lang='lat'>1254:</span> <span class='ocrx_word' id='word_1_42' title='bbox 669 1442 800 1526; x_wconf 77' lang='grc' dir='ltr'><strong><em>γυμνὸν</em></strong></span> <span class='ocrx_word' id='word_1_43' title='bbox 823 1439 991 1507; x_wconf 80' lang='grc' dir='ltr'><strong><em>έπαίσσων</em></strong></span> <span class='ocrx_word' id='word_1_44' title='bbox 1012 1440 1146 1526; x_wconf 75' lang='grc' dir='ltr'><strong><em>παλάμῃ</em></strong></span> <span class='ocrx_word' id='word_1_45' title='bbox 1169 1439 1280 1525; x_wconf 72' lang='grc' dir='ltr'><strong><em>ξίφος,</em></strong></span> 
     </span>
     <span class='ocr_line' id='line_1_11' title="bbox 196 1556 1282 1650; baseline -0.006 -22"><span class='ocrx_word' id='word_1_46' title='bbox 196 1583 261 1650; x_wconf 88' lang='lat' dir='ltr'>quo</span> <span class='ocrx_word' id='word_1_47' title='bbox 283 1583 357 1628; x_wconf 86' lang='lat' dir='ltr'>eum</span> <span class='ocrx_word' id='word_1_48' title='bbox 378 1583 443 1628; x_wconf 93' lang='lat' dir='ltr'>usu</span> <span class='ocrx_word' id='word_1_49' title='bbox 465 1558 688 1629; x_wconf 82' lang='lat' dir='ltr'>conferendus</span> <span class='ocrx_word' id='word_1_50' title='bbox 712 1560 765 1625; x_wconf 88' lang='lat' dir='ltr'>est</span> <span class='ocrx_word' id='word_1_51' title='bbox 786 1557 992 1645; x_wconf 78' lang='lat' dir='ltr'>tragicorum</span> <span class='ocrx_word' id='word_1_52' title='bbox 1002 1556 1026 1644; x_wconf 87' lang='lat'>¹)</span> <span class='ocrx_word' id='word_1_53' title='bbox 1049 1556 1150 1645; x_wconf 83' lang='lat' dir='ltr'>Soph.</span> <span class='ocrx_word' id='word_1_54' title='bbox 1166 1556 1221 1623; x_wconf 90' lang='lat' dir='ltr'>Ai.</span> <span class='ocrx_word' id='word_1_55' title='bbox 1238 1556 1282 1622; x_wconf 88' lang='grc'>40</span> 
     </span>
     <span class='ocr_line' id='line_1_12' title="bbox 195 1669 955 1767; baseline -0.005 -23"><span class='ocrx_word' id='word_1_56' title='bbox 195 1669 273 1767; x_wconf 75' lang='grc' dir='ltr'><strong><em>ᾖξεν</em></strong></span> <span class='ocrx_word' id='word_1_57' title='bbox 295 1677 374 1765; x_wconf 80' lang='grc' dir='ltr'><strong><em>χέρα</em></strong></span> <span class='ocrx_word' id='word_1_58' title='bbox 382 1702 390 1764; x_wconf 81' lang='grc'>;</span> <span class='ocrx_word' id='word_1_59' title='bbox 414 1677 494 1744; x_wconf 88' lang='lat' dir='ltr'>Eur.</span> <span class='ocrx_word' id='word_1_60' title='bbox 518 1675 600 1744; x_wconf 85' lang='lat' dir='ltr'>Hee.</span> <span class='ocrx_word' id='word_1_61' title='bbox 617 1674 702 1742; x_wconf 87' lang='grc'>1071</span> <span class='ocrx_word' id='word_1_62' title='bbox 726 1674 800 1741; x_wconf 79' lang='grc' dir='ltr'><strong><em>πόθ’</em></strong></span> <span class='ocrx_word' id='word_1_63' title='bbox 825 1673 955 1763; x_wconf 76' lang='grc' dir='ltr'><strong><em>ἐπᾴξας.</em></strong></span> 
     </span>
    </p>

    <p class='ocr_par' dir='ltr' id='par_1_8' title="bbox 282 1789 1281 1880">
     <span class='ocr_line' id='line_1_13' title="bbox 282 1789 1281 1880; baseline -0.003 -19"><span class='ocrx_word' id='word_1_64' title='bbox 282 1797 409 1880; x_wconf 78' lang='grc' dir='ltr'><strong><em>κηκίειν</em></strong></span> <span class='ocrx_word' id='word_1_65' title='bbox 422 1793 572 1878; x_wconf 82' lang='lat' dir='ltr'><strong>IV,929:</strong></span> <span class='ocrx_word' id='word_1_66' title='bbox 589 1793 720 1880; x_wconf 74' lang='grc' dir='ltr'><strong><em>θερμὴν</em></strong></span> <span class='ocrx_word' id='word_1_67' title='bbox 731 1793 779 1858; x_wconf 78' lang='grc' dir='ltr'>ἔτι</span> <span class='ocrx_word' id='word_1_68' title='bbox 795 1795 888 1877; x_wconf 81' lang='grc' dir='ltr'><strong><em>κήκιε</em></strong></span> <span class='ocrx_word' id='word_1_69' title='bbox 902 1793 1024 1869; x_wconf 80' lang='grc' dir='ltr'><strong><em>πόντος</em></strong></span> <span class='ocrx_word' id='word_1_70' title='bbox 1039 1791 1183 1876; x_wconf 61' lang='lat' dir='ltr'>&amp;mpsim</span> <span class='ocrx_word' id='word_1_71' title='bbox 1198 1789 1281 1859; x_wconf 82' lang='lat' dir='ltr'>intr.</span> 
     </span>
    </p>

    <p class='ocr_par' dir='ltr' id='par_1_9' title="bbox 196 1907 1287 3989">
     <span class='ocr_line' id='line_1_14' title="bbox 196 1907 1281 2000; baseline -0.005 -20"><span class='ocrx_word' id='word_1_72' title='bbox 196 1914 310 1981; x_wconf 85' lang='lat' dir='ltr'>autem</span> <span class='ocrx_word' id='word_1_73' title='bbox 332 1912 466 2000; x_wconf 86' lang='lat' dir='ltr'>saepius</span> <span class='ocrx_word' id='word_1_74' title='bbox 488 1909 680 1995; x_wconf 87' lang='lat' dir='ltr'>invenitur;</span> <span class='ocrx_word' id='word_1_75' title='bbox 703 1907 886 1977; x_wconf 73' lang='lat' dir='ltr'>transitive</span> <span class='ocrx_word' id='word_1_76' title='bbox 909 1908 1019 1976; x_wconf 87' lang='lat' dir='ltr'>Noun.</span> <span class='ocrx_word' id='word_1_77' title='bbox 1042 1908 1084 1975; x_wconf 89' lang='lat' dir='ltr'>D.</span> <span class='ocrx_word' id='word_1_78' title='bbox 1100 1907 1183 1986; x_wconf 89' lang='lat' dir='ltr'>XII,</span> <span class='ocrx_word' id='word_1_79' title='bbox 1207 1908 1281 1976; x_wconf 80' lang='lat'><strong>359.</strong></span> 
     </span>
     <span class='ocr_line' id='line_1_15' title="bbox 196 2024 1282 2124; baseline -0.003 -29"><span class='ocrx_word' id='word_1_80' title='bbox 196 2028 388 2124; x_wconf 82' lang='grc' dir='ltr'><strong><em>ἀνακηκίειν</em></strong></span> <span class='ocrx_word' id='word_1_81' title='bbox 409 2027 471 2112; x_wconf 85' lang='lat' dir='ltr'>IV,</span> <span class='ocrx_word' id='word_1_82' title='bbox 495 2027 575 2094; x_wconf 84' lang='lat'>599:</span> <span class='ocrx_word' id='word_1_83' title='bbox 599 2029 707 2113; x_wconf 87' lang='grc' dir='ltr'><strong><em>βαρὺν</em></strong></span> <span class='ocrx_word' id='word_1_84' title='bbox 738 2025 907 2113; x_wconf 76' lang='grc' dir='ltr'><strong><em>ἀνακηκίει</em></strong></span> <span class='ocrx_word' id='word_1_85' title='bbox 936 2026 1049 2112; x_wconf 86' lang='grc' dir='ltr'><strong><em>ἀτμόν.</em></strong></span> <span class='ocrx_word' id='word_1_86' title='bbox 1103 2024 1177 2093; x_wconf 81' lang='lat' dir='ltr'>Hoc</span> <span class='ocrx_word' id='word_1_87' title='bbox 1205 2047 1282 2094; x_wconf 89' lang='lat' dir='ltr'>ver·</span> 
     </span>
     <span class='ocr_line' id='line_1_16' title="bbox 196 2141 1281 2233; baseline -0.005 -18"><span class='ocrx_word' id='word_1_88' title='bbox 196 2148 284 2228; x_wconf 88' lang='lat' dir='ltr'>bum,</span> <span class='ocrx_word' id='word_1_89' title='bbox 309 2144 398 2233; x_wconf 89' lang='lat' dir='ltr'>quod</span> <span class='ocrx_word' id='word_1_90' title='bbox 422 2143 617 2212; x_wconf 81' lang='lat' dir='ltr'>Thesaurus</span> <span class='ocrx_word' id='word_1_91' title='bbox 641 2166 682 2211; x_wconf 84' lang='lat' dir='ltr'>ex</span> <span class='ocrx_word' id='word_1_92' title='bbox 703 2142 913 2232; x_wconf 73' lang='lat' dir='ltr'>Hippocrate</span> <span class='ocrx_word' id='word_1_93' title='bbox 937 2166 1066 2232; x_wconf 89' lang='lat' dir='ltr'>quoque</span> <span class='ocrx_word' id='word_1_94' title='bbox 1090 2144 1202 2228; x_wconf 82' lang='lat' dir='ltr'>affert,</span> <span class='ocrx_word' id='word_1_95' title='bbox 1227 2141 1281 2211; x_wconf 88' lang='lat' dir='ltr'>de-</span> 
     </span>
     <span class='ocr_line' id='line_1_17' title="bbox 197 2259 1281 2351; baseline -0.002 -21"><span class='ocrx_word' id='word_1_96' title='bbox 197 2264 367 2330; x_wconf 86' lang='lat' dir='ltr'>monstrat</span> <span class='ocrx_word' id='word_1_97' title='bbox 388 2261 521 2351; x_wconf 87' lang='lat' dir='ltr'>pariter</span> <span class='ocrx_word' id='word_1_98' title='bbox 543 2283 583 2329; x_wconf 88' lang='lat' dir='ltr'>ae</span> <span class='ocrx_word' id='word_1_99' title='bbox 605 2260 835 2344; x_wconf 68' lang='grc' dir='ltr'><strong><em>πέτασσαν,</em></strong></span> <span class='ocrx_word' id='word_1_100' title='bbox 859 2263 988 2348; x_wconf 90' lang='lat' dir='ltr'>quanta</span> <span class='ocrx_word' id='word_1_101' title='bbox 1011 2259 1117 2328; x_wconf 85' lang='lat' dir='ltr'>fuerit</span> <span class='ocrx_word' id='word_1_102' title='bbox 1139 2259 1281 2328; x_wconf 86' lang='lat' dir='ltr'>libertas</span> 
     </span>
     <span class='ocr_line' id='line_1_18' title="bbox 198 2376 1283 2467; baseline -0.001 -21"><span class='ocrx_word' id='word_1_103' title='bbox 198 2402 302 2446; x_wconf 92' lang='lat' dir='ltr'>unum</span> <span class='ocrx_word' id='word_1_104' title='bbox 331 2377 484 2467; x_wconf 84' lang='lat' dir='ltr'>idemque</span> <span class='ocrx_word' id='word_1_105' title='bbox 515 2379 653 2447; x_wconf 92' lang='lat' dir='ltr'>verbum</span> <span class='ocrx_word' id='word_1_106' title='bbox 683 2376 780 2445; x_wconf 88' lang='lat' dir='ltr'>modo</span> <span class='ocrx_word' id='word_1_107' title='bbox 809 2376 994 2445; x_wconf 88' lang='lat' dir='ltr'>transitive</span> <span class='ocrx_word' id='word_1_108' title='bbox 1022 2377 1079 2445; x_wconf 93' lang='lat' dir='ltr'>vel</span> <span class='ocrx_word' id='word_1_109' title='bbox 1108 2377 1283 2445; x_wconf 81' lang='lat' dir='ltr'>causative</span> 
     </span>
     <span class='ocr_line' id='line_1_19' title="bbox 199 2493 1282 2584; baseline -0.001 -21"><span class='ocrx_word' id='word_1_110' title='bbox 199 2495 296 2563; x_wconf 87' lang='lat' dir='ltr'>modo</span> <span class='ocrx_word' id='word_1_111' title='bbox 326 2494 544 2564; x_wconf 87' lang='lat' dir='ltr'>intransitive</span> <span class='ocrx_word' id='word_1_112' title='bbox 566 2494 763 2584; x_wconf 85' lang='lat' dir='ltr'>usurpandi.</span> <span class='ocrx_word' id='word_1_113' title='bbox 810 2495 905 2579; x_wconf 80' lang='lat' dir='ltr'>Quae</span> <span class='ocrx_word' id='word_1_114' title='bbox 928 2517 1001 2562; x_wconf 87' lang='lat' dir='ltr'>cum</span> <span class='ocrx_word' id='word_1_115' title='bbox 1024 2514 1155 2584; x_wconf 88' lang='lat' dir='ltr'>semper</span> <span class='ocrx_word' id='word_1_116' title='bbox 1178 2493 1282 2564; x_wconf 79' lang='lat' dir='ltr'>Grae·</span> 
     </span>
     <span class='ocr_line' id='line_1_20' title="bbox 199 2612 1281 2701; baseline -0.002 -19"><span class='ocrx_word' id='word_1_117' title='bbox 199 2624 312 2683; x_wconf 86' lang='lat' dir='ltr'>e&#39;orum</span> <span class='ocrx_word' id='word_1_118' title='bbox 334 2612 471 2701; x_wconf 84' lang='lat' dir='ltr'>linguae</span> <span class='ocrx_word' id='word_1_119' title='bbox 494 2615 580 2698; x_wconf 88' lang='lat' dir='ltr'>erat,</span> <span class='ocrx_word' id='word_1_120' title='bbox 613 2617 686 2682; x_wconf 86' lang='lat' dir='ltr'>tum</span> <span class='ocrx_word' id='word_1_121' title='bbox 722 2615 838 2682; x_wconf 86' lang='lat' dir='ltr'>aetate</span> <span class='ocrx_word' id='word_1_122' title='bbox 869 2612 1059 2701; x_wconf 88' lang='lat' dir='ltr'>posteriore</span> <span class='ocrx_word' id='word_1_123' title='bbox 1089 2633 1281 2700; x_wconf 84' lang='lat' dir='ltr'>permagna,</span> 
     </span>
     <span class='ocr_line' id='line_1_21' title="bbox 199 2727 1282 2818; baseline -0.003 -20"><span class='ocrx_word' id='word_1_124' title='bbox 199 2752 273 2798; x_wconf 86' lang='lat' dir='ltr'>eum</span> <span class='ocrx_word' id='word_1_125' title='bbox 307 2729 391 2799; x_wconf 89' lang='lat' dir='ltr'>fines</span> <span class='ocrx_word' id='word_1_126' title='bbox 423 2729 529 2799; x_wconf 85' lang='lat' dir='ltr'>activi</span> <span class='ocrx_word' id='word_1_127' title='bbox 566 2729 731 2818; x_wconf 80' lang='lat' dir='ltr'>mediique</span> <span class='ocrx_word' id='word_1_128' title='bbox 769 2729 1041 2798; x_wconf 85' lang='lat' dir='ltr'>diffunderentur</span> <span class='ocrx_word' id='word_1_129' title='bbox 1050 2729 1084 2815; x_wconf 81' lang='lat'>²).</span> <span class='ocrx_word' id='word_1_130' title='bbox 1135 2729 1194 2797; x_wconf 89' lang='lat' dir='ltr'>Ita</span> <span class='ocrx_word' id='word_1_131' title='bbox 1215 2727 1282 2818; x_wconf 90' lang='lat' dir='ltr'>Ap.</span> 
     </span>
     <span class='ocr_line' id='line_1_22' title="bbox 199 2845 1284 2934; baseline -0.001 -19"><span class='ocrx_word' id='word_1_132' title='bbox 199 2848 305 2915; x_wconf 85' lang='lat' dir='ltr'>verba</span> <span class='ocrx_word' id='word_1_133' title='bbox 326 2847 420 2931; x_wconf 76' lang='grc' dir='ltr'><strong><em>ζέειν,</em></strong></span> <span class='ocrx_word' id='word_1_134' title='bbox 443 2846 593 2928; x_wconf 79' lang='grc' dir='ltr'><strong><em>ἀναζέειν</em></strong></span> <span class='ocrx_word' id='word_1_135' title='bbox 615 2847 677 2933; x_wconf 83' lang='lat' dir='ltr'>IV,</span> <span class='ocrx_word' id='word_1_136' title='bbox 695 2848 774 2914; x_wconf 86' lang='lat'>391:</span> <span class='ocrx_word' id='word_1_137' title='bbox 798 2848 843 2927; x_wconf 61' lang='lat' dir='ltr'>aa</span> <span class='ocrx_word' id='word_1_138' title='bbox 867 2847 937 2934; x_wconf 79' lang='grc' dir='ltr'><strong><em>φατ’</em></strong></span> <span class='ocrx_word' id='word_1_139' title='bbox 959 2845 1155 2922; x_wconf 79' lang='grc' dir='ltr'><strong><em>ἀναζείουσα</em></strong></span> <span class='ocrx_word' id='word_1_140' title='bbox 1176 2850 1284 2934; x_wconf 78' lang='grc' dir='ltr'><strong><em>βαρὺν</em></strong></span> 
     </span>
     <span class='ocr_line' id='line_1_23' title="bbox 198 2963 1284 3052; baseline -0.001 -20"><span class='ocrx_word' id='word_1_141' title='bbox 198 2967 318 3052; x_wconf 80' lang='grc' dir='ltr'><strong><em>χόλον;</em></strong></span> <span class='ocrx_word' id='word_1_142' title='bbox 363 2964 430 3047; x_wconf 90' lang='grc' dir='ltr'>ΠΙ,</span> <span class='ocrx_word' id='word_1_143' title='bbox 457 2964 539 3033; x_wconf 82' lang='lat'><strong>273:</strong></span> <span class='ocrx_word' id='word_1_144' title='bbox 577 2963 630 3030; x_wconf 81' lang='grc' dir='ltr'>τοὶ</span> <span class='ocrx_word' id='word_1_145' title='bbox 663 2963 700 3031; x_wconf 75' lang='grc' dir='ltr'>δὲ</span> <span class='ocrx_word' id='word_1_146' title='bbox 728 2965 847 3052; x_wconf 78' lang='grc' dir='ltr'><strong><em>λοετρὰ</em></strong></span> <span class='ocrx_word' id='word_1_147' title='bbox 878 2963 959 3052; x_wconf 84' lang='grc' dir='ltr'><strong><em>πνρλ</em></strong></span> <span class='ocrx_word' id='word_1_148' title='bbox 993 2963 1084 3051; x_wconf 71' lang='grc' dir='ltr'><strong><em>ζέον,</em></strong></span> <span class='ocrx_word' id='word_1_149' title='bbox 1129 2963 1284 3052; x_wconf 78' lang='grc' dir='ltr'><strong><em>προρέειν</em></strong></span> 
     </span>
     <span class='ocr_line' id='line_1_24' title="bbox 201 3080 1287 3169; baseline 0 -20"><span class='ocrx_word' id='word_1_150' title='bbox 201 3080 267 3166; x_wconf 89' lang='grc' dir='ltr'>ΙΠ,</span> <span class='ocrx_word' id='word_1_151' title='bbox 291 3081 374 3148; x_wconf 65' lang='grc'>2253</span> <span class='ocrx_word' id='word_1_152' title='bbox 397 3081 455 3166; x_wconf 71' lang='grc' dir='ltr'>ἥθ’</span> <span class='ocrx_word' id='word_1_153' title='bbox 481 3080 530 3169; x_wconf 86' lang='grc' dir='ltr'>ἀρ’</span> <span class='ocrx_word' id='word_1_154' title='bbox 554 3080 647 3168; x_wconf 75' lang='grc' dir='ltr'><strong><em>ὕδωρ</em></strong></span> <span class='ocrx_word' id='word_1_155' title='bbox 671 3081 866 3169; x_wconf 81' lang='grc' dir='ltr'><strong><em>προρέεσκε,</em></strong></span> <span class='ocrx_word' id='word_1_156' title='bbox 901 3081 1084 3150; x_wconf 82' lang='lat' dir='ltr'>transitive</span> <span class='ocrx_word' id='word_1_157' title='bbox 1108 3080 1287 3169; x_wconf 72' lang='lat' dir='ltr'>usurpavit</span> 
     </span>
     <span class='ocr_line' id='line_1_25' title="bbox 196 3197 1285 3287; baseline -0.001 -22"><span class='ocrx_word' id='word_1_158' title='bbox 196 3200 236 3265; x_wconf 90' lang='lat' dir='ltr'>et</span> <span class='ocrx_word' id='word_1_159' title='bbox 258 3199 361 3266; x_wconf 89' lang='lat' dir='ltr'>verba</span> <span class='ocrx_word' id='word_1_160' title='bbox 383 3199 425 3265; x_wconf 93' lang='lat' dir='ltr'>ab</span> <span class='ocrx_word' id='word_1_161' title='bbox 457 3197 534 3265; x_wconf 86' lang='lat' dir='ltr'>aliis</span> <span class='ocrx_word' id='word_1_162' title='bbox 565 3198 745 3287; x_wconf 86' lang='lat' dir='ltr'>praecipue</span> <span class='ocrx_word' id='word_1_163' title='bbox 773 3198 890 3265; x_wconf 81' lang='lat' dir='ltr'>ionicis</span> <span class='ocrx_word' id='word_1_164' title='bbox 924 3198 1144 3287; x_wconf 81' lang='lat' dir='ltr'>scriptoribus</span> <span class='ocrx_word' id='word_1_165' title='bbox 1169 3197 1285 3266; x_wconf 84' lang='lat' dir='ltr'>eadem</span> 
     </span>
     <span class='ocr_line' id='line_1_26' title="bbox 198 3314 1284 3403; baseline 0.001 -22"><span class='ocrx_word' id='word_1_166' title='bbox 198 3315 334 3383; x_wconf 88' lang='lat' dir='ltr'>ratione</span> <span class='ocrx_word' id='word_1_167' title='bbox 358 3314 512 3383; x_wconf 83' lang='lat' dir='ltr'>adhibita</span> <span class='ocrx_word' id='word_1_168' title='bbox 527 3315 728 3401; x_wconf 78' lang='grc' dir='ltr'><strong><em>ἀνατέλλειν,</em></strong></span> <span class='ocrx_word' id='word_1_169' title='bbox 752 3316 968 3403; x_wconf 87' lang='grc' dir='ltr'><strong><em>ἀποφθίνειν,</em></strong></span> <span class='ocrx_word' id='word_1_170' title='bbox 991 3318 1134 3400; x_wconf 82' lang='grc' dir='ltr'><strong><em>κλύζειν,</em></strong></span> <span class='ocrx_word' id='word_1_171' title='bbox 1156 3318 1284 3402; x_wconf 83' lang='grc' dir='ltr'><strong><em>τεκμαί-</em></strong></span> 
     </span>
     <span class='ocr_line' id='line_1_27' title="bbox 202 3433 1285 3521; baseline -0.001 -20"><span class='ocrx_word' id='word_1_172' title='bbox 202 3440 333 3518; x_wconf 85' lang='grc' dir='ltr'><strong><em>ρεσθαι,</em></strong></span> <span class='ocrx_word' id='word_1_173' title='bbox 355 3433 439 3518; x_wconf 78' lang='grc' dir='ltr'><strong><em>ὕειν,</em></strong></span> <span class='ocrx_word' id='word_1_174' title='bbox 462 3433 728 3519; x_wconf 78' lang='grc' dir='ltr'><strong><em>πεφυλαγμένος,</em></strong></span> <span class='ocrx_word' id='word_1_175' title='bbox 758 3437 898 3521; x_wconf 83' lang='grc' dir='ltr'><strong><em>χρείειν;</em></strong></span> <span class='ocrx_word' id='word_1_176' title='bbox 929 3433 1149 3502; x_wconf 88' lang='lat' dir='ltr'>intransitive</span> <span class='ocrx_word' id='word_1_177' title='bbox 1171 3436 1285 3502; x_wconf 88' lang='lat' dir='ltr'>autem</span> 
     </span>
     <span class='ocr_line' id='line_1_28' title="bbox 199 3548 1283 3637; baseline -0.002 -19"><span class='ocrx_word' id='word_1_178' title='bbox 199 3552 304 3617; x_wconf 80' lang='lat' dir='ltr'>verba</span> <span class='ocrx_word' id='word_1_179' title='bbox 318 3548 475 3637; x_wconf 82' lang='lat' dir='ltr'>vulgaria</span> <span class='ocrx_word' id='word_1_180' title='bbox 498 3549 645 3634; x_wconf 77' lang='grc' dir='ltr'><strong><em>βάλλειν,</em></strong></span> <span class='ocrx_word' id='word_1_181' title='bbox 668 3549 807 3631; x_wconf 87' lang='grc' dir='ltr'><strong><em>κέλλειν,</em></strong></span> <span class='ocrx_word' id='word_1_182' title='bbox 831 3554 969 3635; x_wconf 88' lang='grc' dir='ltr'><strong><em>κλίνειν,</em></strong></span> <span class='ocrx_word' id='word_1_183' title='bbox 992 3554 1129 3635; x_wconf 88' lang='grc' dir='ltr'><strong><em>λείπειν,</em></strong></span> <span class='ocrx_word' id='word_1_184' title='bbox 1152 3553 1283 3632; x_wconf 81' lang='grc' dir='ltr'><strong><em>τείνειν,</em></strong></span> 
     </span>
     <span class='ocr_line' id='line_1_29' title="bbox 199 3666 1283 3757; baseline 0.004 -25"><span class='ocrx_word' id='word_1_185' title='bbox 199 3666 344 3752; x_wconf 79' lang='grc' dir='ltr'><strong><em>φλέγειν.</em></strong></span> <span class='ocrx_word' id='word_1_186' title='bbox 391 3666 507 3735; x_wconf 88' lang='lat' dir='ltr'>Verba</span> <span class='ocrx_word' id='word_1_187' title='bbox 527 3679 669 3754; x_wconf 75' lang='lat' dir='ltr'>perpetu,</span> <span class='ocrx_word' id='word_1_188' title='bbox 693 3672 832 3756; x_wconf 82' lang='grc' dir='ltr'><strong><em>κείρειν,</em></strong></span> <span class='ocrx_word' id='word_1_189' title='bbox 854 3668 994 3753; x_wconf 86' lang='grc' dir='ltr'><strong><em>τέμνειν,</em></strong></span> <span class='ocrx_word' id='word_1_190' title='bbox 1021 3690 1105 3757; x_wconf 91' lang='lat' dir='ltr'>quae</span> <span class='ocrx_word' id='word_1_191' title='bbox 1121 3668 1187 3736; x_wconf 84' lang='lat' dir='ltr'>hue</span> <span class='ocrx_word' id='word_1_192' title='bbox 1207 3690 1283 3757; x_wconf 89' lang='lat' dir='ltr'>per·</span> 
     </span>
     <span class='ocr_line' id='line_1_30' title="bbox 198 3784 1286 3872; baseline 0.001 -22"><span class='ocrx_word' id='word_1_193' title='bbox 198 3784 308 3852; x_wconf 91' lang='lat' dir='ltr'>tinere</span> <span class='ocrx_word' id='word_1_194' title='bbox 331 3784 499 3867; x_wconf 89' lang='lat' dir='ltr'>videntur,</span> <span class='ocrx_word' id='word_1_195' title='bbox 533 3784 726 3872; x_wconf 84' lang='lat' dir='ltr'>significatu</span> <span class='ocrx_word' id='word_1_196' title='bbox 749 3785 901 3869; x_wconf 84' lang='lat' dir='ltr'>vehendi,</span> <span class='ocrx_word' id='word_1_197' title='bbox 932 3785 1124 3872; x_wconf 82' lang='lat' dir='ltr'>navigandi,</span> <span class='ocrx_word' id='word_1_198' title='bbox 1148 3785 1286 3853; x_wconf 86' lang='lat' dir='ltr'>volandi</span> 
     </span>
     <span class='ocr_line' id='line_1_31' title="bbox 199 3892 1284 3989; baseline 0.001 -22"><span class='ocrx_word' id='word_1_199' title='bbox 199 3900 260 3988; x_wconf 92' lang='grc' dir='ltr'>(ΙΙ,</span> <span class='ocrx_word' id='word_1_200' title='bbox 286 3902 371 3968; x_wconf 87' lang='grc'>1247</span> <span class='ocrx_word' id='word_1_201' title='bbox 401 3900 518 3968; x_wconf 85' lang='grc' dir='ltr'><strong><em>αὐτίκα</em></strong></span> <span class='ocrx_word' id='word_1_202' title='bbox 543 3901 574 3966; x_wconf 78' lang='grc' dir='ltr'>δ’</span> <span class='ocrx_word' id='word_1_203' title='bbox 596 3892 675 3987; x_wconf 79' lang='grc' dir='ltr'><strong><em>Ἰρις</em></strong></span> <span class='ocrx_word' id='word_1_204' title='bbox 704 3902 757 3968; x_wconf 89' lang='grc' dir='ltr'>ἀπ’</span> <span class='ocrx_word' id='word_1_205' title='bbox 784 3904 980 3987; x_wconf 86' lang='grc' dir='ltr'><strong><em>Οὐλύμποιο</em></strong></span> <span class='ocrx_word' id='word_1_206' title='bbox 1013 3909 1168 3984; x_wconf 78' lang='grc' dir='ltr'><strong><em>θοροῦσα</em></strong></span> <span class='ocrx_word' id='word_1_207' title='bbox 1188 3902 1193 3989; x_wconf 92' lang='grc' dir='ltr'>Ι</span> <span class='ocrx_word' id='word_1_208' title='bbox 1213 3901 1284 3987; x_wconf 89' lang='grc' dir='ltr'><strong><em>τέμ-</em></strong></span> 
     </span>
    </p>
   </div>
   <div class='ocr_carea' id='block_1_3' title="bbox 289 4163 1209 4344">
    <p class='ocr_par' dir='ltr' id='par_1_10' title="bbox 289 4163 1209 4344">
     <span class='ocr_line' id='line_1_32' title="bbox 289 4163 697 4233; baseline 0.002 -16"><span class='ocrx_word' id='word_1_209' title='bbox 289 4166 316 4233; x_wconf 87' lang='grc'>1)</span> <span class='ocrx_word' id='word_1_210' title='bbox 337 4163 566 4219; x_wconf 83' lang='lat' dir='ltr'>Kuehner·Gerth</span> <span class='ocrx_word' id='word_1_211' title='bbox 584 4164 618 4231; x_wconf 90' lang='lat'>11,</span> <span class='ocrx_word' id='word_1_212' title='bbox 637 4166 697 4219; x_wconf 84' lang='lat'><strong>299.</strong></span> 
     </span>
     <span class='ocr_line' id='line_1_33' title="bbox 299 4261 1209 4344; baseline 0.005 -26"><span class='ocrx_word' id='word_1_213' title='bbox 299 4264 327 4336; x_wconf 84' lang='lat'>2)</span> <span class='ocrx_word' id='word_1_214' title='bbox 347 4263 387 4319; x_wconf 73' lang='lat' dir='ltr'>Cf.</span> <span class='ocrx_word' id='word_1_215' title='bbox 408 4279 488 4335; x_wconf 59' lang='lat' dir='ltr'>quae,</span> <span class='ocrx_word' id='word_1_216' title='bbox 502 4263 665 4343; x_wconf 74' lang='lat' dir='ltr'>Hatzidakia</span> <span class='ocrx_word' id='word_1_217' title='bbox 683 4263 767 4344; x_wconf 83' lang='lat' dir='ltr'>verba</span> <span class='ocrx_word' id='word_1_218' title='bbox 785 4279 870 4336; x_wconf 85' lang='lat' dir='ltr'>supra</span> <span class='ocrx_word' id='word_1_219' title='bbox 888 4263 1029 4342; x_wconf 80' lang='lat' dir='ltr'>attulimus</span> <span class='ocrx_word' id='word_1_220' title='bbox 1046 4280 1074 4334; x_wconf 87' lang='lat' dir='ltr'>p.</span> <span class='ocrx_word' id='word_1_221' title='bbox 1092 4267 1128 4323; x_wconf 83' lang='lat'>20</span> <span class='ocrx_word' id='word_1_222' title='bbox 1145 4261 1209 4323; x_wconf 81' lang='lat' dir='ltr'>adu</span> 
     </span>
    </p>
   </div>
   <div class='ocr_carea' id='block_1_4' title="bbox 0 0 1538 5010">
    <p class='ocr_par' dir='ltr' id='par_1_11' title="bbox 0 0 1538 5010">
     <span class='ocr_line' id='line_1_34' title="bbox 0 0 1538 5010; baseline 0 0"><span class='ocrx_word' id='word_1_223' title='bbox 0 0 1538 5010; x_wconf 95' lang='lat' dir='ltr'> </span> 
     </span>
    </p>
   </div>
  </div>
 </body>
</html>
