3054 5010
755 287 798 354 62

246 461 406 550 μοτομέω,
436 461 525 551 quod
553 461 672 530 deinde
702 463 887 551 scriptores
909 463 1079 552 pedestris
1103 486 1234 554 quoque
1256 487 1325 533 ser·

243 580 349 649 monis
382 583 571 669 posuerunt
592 579 745 648 nonnulli
769 579 891 667 (Plut.;
926 579 1055 667 Strab.;
1086 581 1181 650 Sext.
1214 581 1325 671 Emp.)

240 696 427 786 Postquam
465 697 532 765 iam
568 697 735 766 Homerus
774 721 806 766 v.
841 697 1041 785 δειροτομέω
1078 686 1323 787 frequentauit,

240 814 421 903 Euripides
450 839 483 885 v.
514 813 713 901 tumetipse
744 814 798 882 El.
821 814 895 900 459,
929 813 957 881 Ι.
982 814 1021 882 Τ.
1044 815 1109 882 444
1136 816 1324 906 usurpavit,

239 930 488 1021 Aristophanes
510 931 676 1000 Av.1560
698 936 838 1018 λαιμοὺς
860 931 992 1018 κέμνειν
1016 932 1199 1018 coniunxit,
1223 932 1324 1002 facile

239 1046 313 1116 fieri
334 1050 481 1137 poterat,
507 1051 549 1115 ut
570 1071 693 1117 novum
715 1047 868 1136 prodiret
890 1050 1029 1116 verbum
1050 1048 1280 1138 compositum.

126 1178 145 1264 η
167 1172 219 1244 24,
326 1163 521 1253 Sequuntur
541 1164 703 1232 nonnulla
729 1165 833 1232 verba
855 1164 1047 1252 composita,
1083 1187 1225 1253 quorum
1247 1165 1323 1232 sim-

237 1279 340 1370 plicia
355 1285 397 1350 ab
412 1280 557 1349 Homero
574 1281 684 1350 aliena
699 1284 787 1366 sunt,
811 1281 847 1348 in
860 1281 1104 1371 Argonauticis
1128 1281 1183 1350 vel
1205 1280 1321 1370 primis

237 1397 292 1467 vel
316 1398 395 1467 solis
419 1398 638 1468 occurrentia.

325 1516 506 1604 ἀκολείχοε
531 1517 599 1602 IV„
611 1517 675 1585 479
697 1515 770 1603 τρὶς
792 1516 821 1582 δ’
847 1516 994 1597 ἀπέλειξε
1017 1518 1138 1604 φόνου.
1184 1515 1267 1585 (ium
1288 1538 1321 1584 v·

239 1637 337 1723 λείχω
353 1633 421 1701 iam
435 1636 477 1701 ab
493 1633 665 1722 Aeschylo
681 1633 760 1721 (Ag.
769 1632 856 1721 828),
872 1632 1073 1718 Aristotele,
1084 1632 1321 1723 Theophrasto

239 1759 440 1839 usurpatum
454 1754 555 1836 esset,
579 1751 742 1839 ἀκολείχω
765 1757 843 1839 post
859 1750 1035 1838 Apollonii
1056 1754 1210 1839 tempora
1230 1749 1322 1819 haud

238 1889 314 1935 rare
345 1868 528 1954 invenitur,
561 1891 590 1937 e.
612 1891 663 1957 gr.
687 1867 766 1936 Luc.
791 1868 843 1953 16,
866 1868 908 1935 21
934 1869 969 1936 ολ
988 1869 1087 1947 κύνες
1110 1868 1321 1954 ἀπελελχοντο

238 1983 296 2071 έλη
318 1987 431 2053 αὐτοῦ.

325 2104 552 2188 διαγλαύσσωι
570 2102 598 2186 Ι,
618 2101 700 2169 1281
718 2103 980 2187 διαγλαύσσουσι
996 2101 1025 2167 δ’
1043 2101 1193 2189 ἀταρποί.
1233 2099 1321 2185 Quia

239 2219 462 2288 Callimachus
485 2220 552 2305 III,
578 2218 622 2286 54
651 2219 738 2307 φάεα
760 2221 875 2286 δεινὸν
896 2220 1190 2304 ὑπογλαύσσοντα,
1222 2239 1321 2306 quem

237 2337 391 2406 imitatus
415 2340 468 2406 est
488 2336 613 2405 Mosch.
637 2338 720 2424 Εύρ.
736 2336 789 2422 86,
812 2337 915 2406 verbo
934 2337 1182 2421 ὑκογλαύσσειν
1205 2335 1320 2404 eadem

239 2453 436 2542 splendendi
457 2453 493 2522 vi
514 2476 595 2522 usus
618 2455 680 2538 est,
702 2452 887 2522 verisimile
910 2456 963 2522 est
984 2451 1046 2520 illa
1068 2455 1184 2520 aetate
1207 2474 1322 2520 vocem

238 2573 428 2657 μλαύσσειν,
440 2593 539 2660 quam
553 2593 614 2639 nos
629 2593 697 2639 non
712 2569 777 2638 nisi
793 2594 810 2639 e
825 2569 942 2638 lexicis
956 2569 1119 2654 novimus,
1136 2567 1321 2637 exstitisse.
1338 2610 1340 2614 -

324 2690 529 2776 ελσανδρόοιι
562 2688 591 2773 Ι,
608 2687 674 2755 874
695 2687 859 2756 Hercules
881 2687 991 2755 iratus
1014 2686 1097 2754 dicit
1119 2685 1161 2755 de
1183 2685 1320 2754 Iasone:

754 2805 813 2870 τὸν
837 2802 866 2869 δ’
890 2801 940 2871 ἐνὶ
964 2803 1114 2892 λέκτροις

323 2920 501 3007 Ὑψιπύλης
523 2927 609 2987 εἰᾶτε
631 2923 823 3008 πανήμερον
845 2922 953 2988 εἰσόκε
975 2922 1113 3007 Λῆμνον

326 3035 442 3104 παισὶν
465 3036 668 3124 ἐσανδρώσῃ,

327 3153 456 3242 „quoad
465 3152 628 3222 Lemnum
643 3152 832 3221 infantibus
846 3174 962 3220 rursus
976 3151 1156 3220 masculam
1167 3150 1320 3220 reddat“.

237 3269 335 3339 Hanc
369 3271 456 3338 enim
492 3270 662 3338 notionem
696 3291 725 3337 v.
756 3269 939 3356 ἀνδρόομαι
977 3268 1067 3358 apud
1101 3267 1320 3353 Herodotum,

239 3388 480 3478 Hippocratem
503 3387 652 3476 aliosque
674 3386 792 3473 habet;
824 3385 908 3455 item
937 3386 1155 3473 ἐξανδρύομαι
1177 3385 1321 3473 Antiph.

238 3505 282 3574 fr.
306 3506 413 3591 61D.,
447 3508 696 3592 σννανδρόομαι
724 3504 826 3594 Hipp.
856 3507 1021 3593 usurpata
1052 3506 1151 3572 erant
1182 3502 1321 3571 notione

238 3624 455 3713 pubertatem
476 3621 696 3712 ingrediendi.
733 3621 895 3690 Activum
912 3621 1043 3708 ἀνδρύο
1066 3621 1208 3708 legimus
1231 3619 1321 3710 apud

238 3740 494 3830 Lycophronem
525 3741 561 3807 ct
582 3737 818 3823 Plutarchum,
855 3738 906 3806 ita
936 3740 976 3806 ut
1003 3737 1058 3806 hic
1089 3759 1221 3828 quoque
1248 3757 1322 3805 cum

240 3857 464 3946 posteriorum
495 3858 661 3944 congruat
682 3879 760 3924 usus
781 3854 1037 3945 Apollonianus.

326 3974 523 4041 έπαλινδέωτ
550 3974 612 4058 IV,
632 3973 719 4040 1463
742 3974 830 4060 ἴχνια
853 3973 916 4060 γὰρ
939 3977 1107 4060 νυχίοισιν
1130 3969 1320 4056 ἐπηλίνδητ’

242 4090 424 4176 ἀνέμοισιν.
468 4091 617 4159 Verbum
639 4090 799 4169 ἀλινδελν,
829 4088 981 4176 quamvis
1004 4110 1092 4173 rare,
1122 4089 1322 4176 usurpatum

242 4230 316 4278 esse
338 4231 405 4278 vox
427 4207 615 4294 ἀλίνδηθρα
637 4205 711 4295 (Ar.
726 4206 813 4274 Rau.
832 4204 909 4295 902)
932 4207 976 4292 et,
1000 4225 1086 4295 quae
1106 4202 1244 4275 maioris
1268 4206 1323 4275 est
