3054 5010
738 325 779 393 51

218 499 329 582 δόμος,
353 500 467 584 δομᾶν
491 499 722 587 coniungenda
744 502 832 567 sunt.
878 498 962 566 Cum
984 499 1071 566 enim
1093 496 1266 567 Nauckius
1276 497 1300 585 ¹)

218 637 333 683 vocem
359 625 475 701 νωμᾶν
506 638 607 684 unam
641 639 659 684 1
690 615 788 684 huius
821 615 911 683 modi
943 615 1116 685 vocabulis
1150 619 1303 685 voterem

219 753 291 800 osse
314 731 615 818 demonstraverit,
649 735 764 819 δωμᾶν
788 756 918 822 quoque
940 732 1005 800 huo
1025 732 1205 801 referenda
1228 755 1301 801 esse

217 848 371 930 videtur,
410 871 495 938 quae
529 873 603 918 cum
635 850 697 918 1111
730 850 793 918 hoc
825 850 950 918 habeat
982 872 1168 935 commune,
1212 848 1302 939 quod

216 987 324 1054 neque
362 968 478 1052 δομεῑν
516 988 624 1055 neque
661 979 779 1052 νομεῑν
812 967 1045 1052 inveniuntur,
1082 967 1148 1035 nisi
1185 969 1301 1053 δομεῑν

217 1082 449 1151 recentissima
471 1086 596 1170 aetate,
619 1085 716 1154 velut
739 1083 827 1173 apud
849 1084 1034 1159 Arrianum
1056 1106 1108 1152 an.
1133 1086 1163 1168 7,
1186 1085 1239 1151 22.

303 1199 375 1269 Nos
398 1203 538 1270 verbum
560 1200 1193 1291 μνδαίνο1μι161ιμοομ11101111111068
1215 1203 1301 1268 ἔνθα

216 1319 370 1403 μνδιιίνει
391 1328 506 1397 ποτοῖς
525 1318 530 1406 Ι
546 1318 724 1404 Ὠκίνοιρος
741 1328 805 1404 γῆν
828 1321 865 1386 11
886 1318 1105 1407 Apollonium
1125 1318 1191 1402 HI,
1216 1318 1300 1386 1042

216 1436 366 1520 μυδήνας
388 1436 464 1502 τόδε
487 1435 664 1522 φάρμακον
686 1435 765 1522 (ΠΙ,
790 1434 888 1522 1247)
918 1434 1071 1522 legimns,
1096 1437 1199 1524 atque
1222 1457 1302 1504 casu

217 1549 378 1618 accidisse
401 1551 549 1636 videtur,
572 1555 613 1618 ut
634 1551 717 1620 haec
739 1555 875 1620 tantum
896 1552 988 1621 vocis
1011 1552 1164 1640 exempla
1187 1574 1300 1621 sorva·

216 1669 348 1752 rentur,
380 1668 459 1757 quia
479 1668 534 1736 hic
555 1669 727 1737 notionem
748 1668 910 1758 liquandi‚
939 1668 1012 1738 illic
1033 1668 1202 1737 madidum
1224 1669 1302 1737 red-

218 1783 319 1851 dendi
336 1788 490 1874 usurpat,
513 1786 655 1854 tertiam
676 1789 790 1854 autem
812 1788 917 1855 affert
931 1785 1133 1874 Hesychius,
1158 1787 1216 1875 qui
1237 1808 1300 1875 pro

217 1906 336 1988 σήπειν
357 1903 437 1990 poni
460 1902 552 1971 dicit.
608 1903 769 1971 Continet
796 1903 905 1991 igitur
932 1903 996 1972 hoo
1024 1905 1165 1972 verbum
1187 1903 1302 1973 activa
1346 1959 1351 1967 .

216 2018 251 2088 vi
275 2040 331 2087 eas
354 2019 519 2104 notiones,
544 2042 625 2109 quas
648 2022 763 2106 μνδάοο
786 2019 1018 2089 intransitiva.

302 2136 353 2205 At
375 2139 515 2206 verbum
537 2139 650 2212 δόττω
672 2140 776 2226 poeta
798 2159 839 2205 ex
856 2137 1091 2226 Lycophronis
1112 2135 1302 2226 glossarum

217 2253 313 2342 copia
350 2254 527 2342 sumpsisse
561 2254 712 2324 videtur:
750 2253 784 2338 I,
810 2255 895 2322 1008
929 2253 963 2332 ἐς
997 2254 1146 2342 ἁλμυρὸν
1180 2255 1302 2342 ἀθρόοι

216 2370 308 2456 ὕδωρ
344 2372 526 2450 δύπτοντες
561 2374 708 2460 κεφαλὰς
744 2369 799 2437 καὶ
834 2375 975 2458 στήθεα,
1014 2370 1047 2454 Ι,
1072 2371 1157 2438 1326
1191 2374 1302 2438 νειόθι

218 2488 341 2574 δύψας,
381 2487 445 2556 hac
475 2487 697 2558 intransitiva
726 2488 762 2556 vi
789 2487 871 2577 Lyo.
894 2487 959 2555 715
988 2490 1073 2572 πρὸς
1100 2498 1189 2573 κῦμα
1220 2490 1303 2554 δοκ-

218 2605 340 2683 τούσοις
361 2615 495 2693 πτεροῖς
526 2608 561 2673 11
585 2606 649 2672 164
671 2608 773 2687 ἔδνψε
795 2604 937 2692 Νηρέως
960 2607 1093 2690 δόμους.
1140 2603 1207 2673 sed
1229 2627 1302 2673 cum
1383 2658 1385 2662 -

217 2720 284 2788 iam
320 2721 543 2790 Antimachus
581 2721 638 2810 (fr.
662 2723 739 2810 6Β)
783 2722 847 2790 hoo
882 2722 1045 2791 vocabulo
1084 2745 1164 2791 usus
1203 2725 1300 2807 esset,

216 2841 397 2928 utrumque
420 2862 461 2908 ox
483 2839 553 2922 1110,
576 2843 617 2907 ut
639 2839 775 2926 soleret,
799 2839 937 2930 petiisse
960 2838 1152 2908 credideris.

305 2956 477 3040 Quattuor
499 2955 619 3024 deinde
640 2959 745 3026 verba
766 2955 995 3042 inveniuntur,
1018 2978 1103 3045 quae
1126 2955 1339 3060 11111111ος
1361 2973 1414 3042 20,

216 3076 345 3142 novata
369 3074 583 3164 Apollonius
618 3097 715 3163 quem
737 3098 806 3142 non
828 3075 962 3162 singula
983 3077 1118 3143 tantum
1140 3073 1302 3143 vocabula

224 3189 316 3259 illius
339 3191 504 3280 recepisse
526 3194 669 3276 constat,
692 3191 830 3280 recepit.

306 3307 407 3376 Anat.
430 3309 494 3377 856
517 3306 570 3376 ταὶ
593 3308 621 3374 δ
646 3309 735 3396 ἀμφί
757 3334 816 3393 μιν
838 3311 923 3375 ἔνθα
945 3307 1000 3374 καὶ
1022 3311 1108 3375 ἔνθα

307 3423 437 3502 ἀκτῖνες
459 3428 628 3510 μεσσηγὺς
650 3421 929 3508 ἑλισσόμενοι
953 3424 1197 3511 διχόωντοι;

305 3541 370 3630 Ap.
393 3539 456 3625 IV,
480 3540 566 3608 1616
601 3538 716 3609 eodem
738 3562 854 3610 versus
877 3530 965 3625 loco,
997 3539 1055 3609 ubi
1089 3538 1130 3607 de
1161 3538 1301 3608 Tritone

222 3655 355 3742 dicitur,
378 3659 478 3724 κόπτε
502 3656 530 3723 δ
555 3655 718 3736 ἀκάνθαις

306 3777 409 3862 ἄκρον
431 3773 535 3860 ὕδωρ,
559 3775 649 3840 αἵτε
672 3779 819 3852 σκολιοῖς
841 3772 1008 3841 ἐπινειόθι
1030 3771 1179 3860 κέντροις

307 3894 414 3978 μήνης
429 3892 474 3970 ὡς
487 3891 664 3977 κεράεσσιν
686 3889 932 3976 ἐειδόμεναι
954 3892 1172 3976 διχόωντο.
1205 3887 1303 3973 Quod

220 4009 377 4088 verbum,
415 4007 508 4076 ouius
546 4007 693 4077 activum
730 4007 860 4098 legitur
890 4007 990 4076 Arat.
1020 4006 1093 4091 512,
1124 4006 1197 4090 605,
1227 4007 1301 4091 773,

313 4250 340 4322 1)
359 4248 500 4320 Melanges
518 4248 737 4307 steca-romunt
756 4249 803 4320 IV,
821 4251 971 4308 586-598.

1050 4349 1094 4418 4*
