3054 5010
740 333 783 399 29

217 506 353 595 ῥοπάλῳ
384 504 541 574 δαπέδοιο
573 506 706 587 τινάξας
713 531 720 593 ;
755 505 783 591 Ι,
808 506 893 574 1030
915 507 1214 593 δηιότητος-ολκαδε
1237 506 1302 574 cus

216 631 313 710 σθαι,
338 623 405 709 ΙΠ,
425 624 510 690 1254
531 618 609 690 ἆλτο
626 623 659 690 δ’
678 623 950 712 όκακὴΙραιστὴρ
974 626 1119 710 ἄκμονος
1142 627 1224 692 ὥστε
1240 648 1301 693 τια-

216 741 392 828 λιντυτιές,
422 741 485 826 IV,
509 742 574 808 598
600 741 743 808 Φαέθων
766 740 867 808 κύσεν
889 742 1033 829 ἅρματος
1052 742 1213 828 Ἠελίοιο,
1237 742 1300 827 IV,

216 858 279 925 728
303 863 416 926 autem
438 859 617 945 βλεφάρων
640 860 704 925 tirso
727 861 848 944 τηλόθι
864 897 905 908 -
921 859 1016 926 ἵεσαν
1037 859 1232 948 legendum3
1257 859 1300 928 of.

216 975 277 1060 IV,
302 975 396 1060 1188,
419 975 478 1042 ubi
499 977 606 1045 verba
628 975 742 1042 θυέων
765 976 797 1042 δ’
824 977 888 1043 tirso
910 980 1031 1062 τηλόθι
1061 981 1153 1063 κήκιε
1185 978 1302 1063 λιγνύς

217 1092 333 1161 eadem
363 1113 503 1161 caesura
533 1095 690 1182 separata
723 1095 811 1161 sunt.
864 1093 1028 1182 Exempla
1067 1093 1157 1163 haud
1192 1094 1302 1163 multa

216 1207 396 1278 Homerica
417 1210 568 1280 invenias
591 1209 681 1299 apud
703 1211 822 1278 Monro
845 1233 876 1299 p.
894 1211 1002 1297 147s3
1034 1211 1092 1300 qui
1123 1214 1301 1300 postquam

218 1325 305 1394 hunc
349 1349 445 1395 usum
487 1327 798 1416 genetivi-ablativi
837 1327 926 1417 apud
963 1327 1147 1396 Homerum
1187 1351 1302 1396 rarum

217 1465 298 1527 esse,
331 1444 361 1511 si
384 1447 516 1512 ceterae
538 1444 676 1532 linguae
697 1443 988 1532 indogermanicae
1011 1448 1299 1535 compararentur,

216 1561 381 1649 exposuit,
406 1561 490 1656 dicit
511 1561 609 1629 haec:
633 1561 740 1629 Later
760 1564 857 1650 poeta
881 1584 969 1630 seem
990 1565 1027 1629 to
1050 1565 1092 1630 be
1113 1585 1207 1631 moro
1228 1562 1301 1631 free

216 1677 252 1744 in
285 1679 355 1746 this
388 1681 522 1768 respect
555 1677 739 1766 (probably
782 1679 924 1748 because
957 1678 1044 1766 they
1076 1679 1212 1747 treated
1241 1680 1301 1748 the

215 1815 322 1882 usage
346 1817 450 1862 asan
472 1795 645 1879 archaism,
679 1794 828 1884 adopted
858 1817 895 1864 as
918 1795 1021 1884 being
1041 1795 1217 1885 poetical);
1251 1819 1301 1865 se·

217 1914 367 2000 quuntur
389 1912 586 1980 testimonia
607 1912 824 2000 tragicorum.

302 2029 429 2118 Aliqua
457 2031 591 2098 ratione
622 2030 687 2098 huc
718 2031 869 2120 pertinet
897 2055 965 2101 vox
996 2031 1152 2118 ἀτύζομαι
1174 2054 1201 2100 c.
1225 2054 1300 2120 gen.

217 2145 339 2214 omissa
357 2147 610 2235 praepositione
631 2148 758 2236 posita:
782 2148 829 2234 Π,
846 2148 909 2216 636
933 2142 981 2217 εἷο
1004 2147 1066 2234 μὲν
1088 2148 1163 2216 οὐδ’
1181 2149 1301 2235 ἠβαιὸν

218 2264 374 2350 ἀτύζομαι
390 2295 430 2322 =
447 2264 523 2352 περὶ
547 2264 628 2351 ἐμοῦ
651 2263 713 2351 μὲν
736 2264 836 2332 οὐδὲν
858 2270 1045 2352 φοβοῦμαι,
1069 2268 1110 2334 ut
1124 2265 1207 2333 Eur.
1223 2266 1301 2334 Tro.

217 2382 282 2448 810
304 2381 502 2468 ἀτυζόμενος
517 2384 653 2469 τύλαν,
677 2381 782 2450 fuisse
797 2381 906 2470 igitur
921 2382 1003 2451 haec
1027 2385 1202 2452 structura
1223 2406 1302 2472 poe-

217 2499 306 2568 ticae
328 2503 368 2567 ut
390 2499 441 2567 ita
461 2499 568 2567 dicam
584 2502 766 2586 συνηθείας
780 2500 925 2568 videtur.
970 2500 1021 2569 Ut
1036 2507 1149 2568 autem
1165 2503 1302 2569 verbum

217 2629 333 2684 κυνεῖν
347 2617 375 2701 Ι,
393 2617 455 2684 313
471 2620 529 2684 καί
541 2643 599 2702 μιν
615 2618 781 2704 δεξιτερῆς
794 2620 903 2704 χειρὸς
918 2619 1030 2704 κύσεν,
1053 2641 1127 2685 cum
1142 2617 1301 2706 genetivo

218 2735 490 2822 coniungeretur‚
528 2733 676 2804 fortasse
713 2734 872 2823 analogia
903 2762 932 2803 ν.
971 2736 1143 2817 ἅπτεσθαι,
1182 2737 1303 2817 ψαύειν

218 2853 376 2920 effectum
398 2855 460 2920 est.

306 2969 443 3055 contra,
474 2992 548 3038 oum
576 2969 642 3058 Ap.
667 2993 824 3059 magnum
853 2993 1029 3038 numerum
1060 2973 1199 3060 usurpet
1228 2992 1302 3039 ver·

220 3087 338 3154 borum
360 3087 619 3176 compositorum
642 3088 698 3156 vel
720 3087 872 3157 dativum
895 3088 951 3156 vel
973 3088 1169 3175 genetivum
1191 3087 1303 3156 rarius

220 3203 449 3272 accusativum
460 3203 484 3291 1)
507 3203 772 3289 adsciscentium,
806 3227 892 3293 quae
913 3204 1192 3273 Linsenbarthius
1214 3227 1246 3294 p.
1270 3227 1302 3292 p.

220 3321 277 3408 103
312 3318 369 3407 263
402 3321 461 3408 465
496 3323 539 3388 64
552 3345 577 3391 s.
601 3321 782 3410 congessit,
816 3321 953 3389 dubium
984 3324 1038 3389 est
1067 3323 1184 3390 utrum
1206 3344 1224 3389 e
1246 3344 1303 3391 ve-

218 3437 302 3506 teris
332 3437 530 3507 elocutionis
559 3438 744 3507 imitandae
773 3438 911 3506 consilio
935 3461 979 3506 an
1001 3461 1095 3507 suum
1119 3461 1304 3507 sermonem

220 3559 353 3624 secutus
369 3557 636 3646 praepositiones
658 3557 818 3625 omiserit.
854 3557 932 3626 Non
948 3557 1056 3625 solum
1072 3557 1159 3625 enim
1175 3579 1214 3625 ea
1228 3579 1303 3624 ver·
1356 3573 1358 3577 ’

218 3675 270 3758 ba,
284 3695 368 3763 quae
375 3674 540 3742 Homerus
554 3697 628 3742 cum
638 3674 944 3764 praepositionibus
958 3674 1136 3742 coniuncta
1146 3673 1304 3742 adhibue-

219 3791 346 3875 rat,sed
363 3792 466 3861 etiam
483 3792 592 3859 multa
614 3789 669 3859 vel
693 3793 734 3858 ab
758 3792 834 3860 aliis
851 3791 908 3860 vel
932 3793 973 3859 ab
996 3791 1057 3858 illo
1080 3792 1153 3879 ipso
1176 3793 1305 3860 novata
1374 3784 1376 3786 ’

220 3907 285 3976 tali
317 3908 414 3976 modo
447 3912 655 3998 usurpantur
688 3909 725 3975 in
753 3908 1008 3998 Argonauticis.
1063 3909 1156 3992 Quae
1190 3911 1304 3976 tamen

222 4025 411 4094 accuratius
433 4026 488 4095 hic
510 4049 578 4094 non
600 4027 853 4111 tractabuntur,
888 4025 966 4115 quia
988 4023 1141 4114 exempla
1163 4047 1204 4092 ex
1227 4024 1303 4094 aliis

313 4193 339 4264 1)
359 4191 507 4262 singularis
527 4196 569 4248 est
587 4196 728 4248 structura
745 4192 767 4260 Ι,
786 4194 838 4247 667
857 4195 956 4248 θῶκον
974 4187 1096 4261 ἐφίζανε.
