3054 5010
741 377 784 444 58

220 572 308 617 mum
338 550 381 618 ad
409 573 583 619 numerum
610 552 769 641 pervenit
798 549 999 640 Nicander);
1033 550 1111 620 inde
1140 552 1197 620 ooo
1225 552 1301 620 nub-

220 667 374 737 stantiva
395 667 432 737 iu
453 671 555 756 -σύνη
577 668 736 738 exeuntia
752 669 831 756 (17),
861 691 903 736 ex
925 667 1046 757 quibus
1078 668 1190 737 aliena
1221 671 1301 737 suni
1330 661 1332 666 ’

219 786 261 854 ab
283 808 346 854 usu
368 786 546 855 Homerioe
569 789 655 872 οοίο,
678 785 861 875 Apollonio
883 787 1024 875 propria
1046 808 1123 854 sex:

219 904 421 988 άλιτροσύνη
443 902 504 988 IV,
529 903 611 989 6993
635 904 678 970 Α.
689 902 728 971 Ρ.
751 902 833 988 VII,
858 902 933 970 574.

219 1021 413 1107 δαημοσύνη
434 1020 497 1100 IV,
522 1020 622 1107 1273;
647 1019 731 1110 Opp.
754 1019 832 1088 Hal.
855 1019 902 1105 Π,
927 1018 1000 1087 327.

218 1137 389 1222 κηδοσύνη
411 1135 439 1222 Ι,
462 1137 536 1204 277.

218 1255 455 1342 λαθιφροσάυη
477 1253 540 1340 IV,
563 1255 637 1322 356.

217 1373 411 1458 μαργοσύνῃ
435 1393 463 1439 e.
480 1394 532 1459 gr.
555 1371 618 1457 IV,
641 1371 720 1458 375;
744 1371 870 1439 Auaor.
893 1371 937 1439 fr.
952 1373 1012 1458 873
1037 1371 1185 1460 Theogn.
1203 1372 1298 1439 1271.

217 1489 372 1573 πηοσύνη
394 1487 423 1573 Ι,
446 1487 498 1555 48.

218 1605 440 1691 φραδμοσύνῃ
466 1605 618 1692 11,647;
643 1603 721 1673 Hes.
746 1628 800 1693 op.
823 1604 888 1672 243
911 1604 954 1674 al.

216 1723 387 1808 χηροσύνῃ
408 1721 471 1807 IV,
497 1721 591 1791 1046.

305 1838 421 1928 Atque
444 1839 559 1908 eadem
583 1839 624 1908 de
646 1861 748 1909 eausa
776 1862 907 1929 semper
936 1840 1104 1909 adieooiva
1132 1840 1167 1907 in
1189 1840 1301 1919 -αλέος

218 1955 376 2024 cadentia
397 1956 500 2046 epicis
522 1960 593 2025 tam
616 1959 721 2045 grata
743 1960 851 2043 erant,
875 1958 926 2026 itu
947 1960 988 2025 ut
1010 1981 1038 2025 e.
1054 1981 1106 2046 gr.
1126 1957 1299 2048 Oppianus

216 2072 438 2162 Apameensis
467 2077 627 2159 noverea,
661 2077 703 2143 ui
733 2075 886 2143 omittam
914 2077 1039 2158 cetera,
1070 2074 1169 2143 haee:
1199 2100 1300 2160 γυρα-

217 2189 292 2269 λέος
321 2190 349 2274 Ι,
368 2191 428 2278 57;
477 2190 636 2270 ἰπποιλέος
664 2191 691 2276 Ι,
717 2192 798 2278 169;
837 2192 994 2280 ῥοδαλέος
1023 2192 1052 2275 Ι,
1076 2192 1138 2260 501
1178 2192 1299 2282 (forma

217 2309 395 2376 eontracta
410 2307 620 2396 ῥοδαλῇσιν),
644 2308 787 2393 ἡθοιλέος
807 2307 853 2393 Π,
873 2309 932 2394 88,
957 2309 1135 2397 φρικαλέος
1156 2309 1203 2395 ΙΙ,
1217 2310 1297 2396 162;

217 2423 400 2509 πορδαλέος
421 2423 486 2509 ΠΙ,
509 2424 584 2492 467.
1135 2455 1137 2460 ·

303 2540 392 2609 Item
414 2541 515 2608 metri
537 2563 638 2609 eausa
652 2543 793 2611 verbum
813 2543 940 2628 χνοάξυ
962 2543 998 2610 in
1019 2544 1128 2630 χνοάω
1151 2543 1299 2612 mutavit

216 2656 283 2746 Ap.
306 2657 355 2742 ΙΙ,
378 2656 421 2724 43
444 2660 491 2724 ἔτι
513 2661 696 2744 χνοάοντας
718 2661 854 2738 ἰούλους
876 2659 1060 2748 άντέλλοονχ
1083 2660 1131 2743 ΙΙ,
1155 2660 1219 2728 779
1242 2659 1299 2745 ἐμὲ

219 2774 247 2841 δ’
262 2770 339 2860 εὗρε
361 2773 440 2841 νέον
462 2775 626 2861 χνοάοντα
644 2776 812 2864 παρειάςῑ)
828 2777 868 2865 (Ι,
880 2776 965 2864 672),
989 2799 1071 2866 quos
1088 2777 1179 2845 locos
1202 2777 1299 2846 varie

217 2890 344 2960 imitati
367 2893 448 2959 euni
471 2891 555 2980 epioi
580 2891 746 2980 [Theaua]
771 2895 856 2978 Ὀαρ.
880 2894 921 2960 59
943 2900 1031 2980 μάλα
1055 2896 1112 2962 τιὰ
1137 2895 1298 2979 πράτιστα

216 3007 294 3074 τάδε
331 3008 496 3094 χνοάοντα
530 3009 668 3094 διδάξω,
714 3011 798 3099 Opp.
815 3009 901 3097 Cyn.
929 3011 990 3095 IV,
1008 3010 1072 3076 347
1104 3013 1219 3088 παῖδες
1250 3013 1298 3077 ἔτι

216 3125 394 3211 χνοάοντας
416 3127 562 3204 ἰούλους.
616 3126 816 3216 (Numquam
849 3128 885 3195 in
917 3127 1016 3196 huius
1048 3127 1143 3197 verbi
1178 3127 1297 3196 formis

218 3240 377 3310 dieotasis
401 3241 495 3332 epioe
522 3242 718 3330 invenitur.)
763 3244 888 3330 χνοάζω
911 3243 1052 3331 legimus
1075 3242 1176 3332 Soph.
1201 3243 1238 3311 O.
1255 3244 1296 3311 R.

217 3358 291 3426 742.
336 3357 473 3428 Pariter
494 3359 585 3428 inter
609 3383 645 3428 se
667 3360 796 3428 formae
812 3362 937 3448 χλοάζοο
954 3360 1075 3448 (Pluo.;
1091 3360 1186 3446 Ael.;
1209 3361 1296 3450 posi-

216 3473 308 3543 iione
332 3475 456 3544 omissa
470 3476 544 3545 Nic.
563 3477 613 3546 th.
630 3477 707 3565 576)
730 3485 765 3545 ei
787 3478 896 3563 χλοάο
919 3477 993 3545 Nic,
1016 3477 1065 3544 oh.
1081 3478 1163 3564 4385
1186 3476 1295 3545 Noun.

305 3591 433 3675 Quibus
456 3593 564 3661 causis
587 3595 770 3661 commotus
793 3592 858 3682 Ap.
881 3593 909 3676 Ι,
933 3593 1007 3676 492,
1029 3593 1094 3660 864
1115 3592 1300 3675 ἐνιπτάζων.

215 3732 277 3800 pro
314 3709 493 3778 Homerico
531 3711 635 3780 verbo
674 3710 794 3777 ἰνίτιτοο
832 3709 972 3795 (ἐνίπτοι
1006 3715 1040 3776 Ω
1066 3711 1148 3797 768,
1186 3713 1297 3778 ἔνιπτε

215 3830 248 3893 Γ
265 3827 343 3914 438)
364 3827 577 3914 formaverit7
600 3829 782 3913 nescimus3
806 3828 967 3913 foriasee,
991 3827 1071 3917 quia
1092 3827 1129 3894 in
1150 3828 1295 3896 Homero

215 3944 347 4014 invenit
369 3947 471 4033 atque
493 3945 566 4033 ipse
588 3945 743 4014 adhibuit
765 3947 912 4032 μιμνάζοο
934 3969 997 4034 pro
1020 3946 1155 4031 μίμυωί
1196 3945 1295 4014 Alias

215 4061 308 4130 illius
325 4061 423 4132 verbi
437 4061 564 4129 formas
587 4062 725 4130 notione
747 4062 945 4150 increpandi
966 4062 1103 4130 indutas
1118 4085 1186 4130 non
1200 4086 1295 4130 usur·

306 4298 333 4370 l)
351 4297 392 4354 oio
409 4314 460 4371 pro
478 4299 658 4356 Laurentiani
675 4297 818 4370 χνοάοντα
837 4296 947 4364 ἰούλους
967 4300 1013 4356 Et.
1031 4300 1087 4372 Mg.
