3054 5010
745 299 788 366 63

223 477 395 561 momenti,
416 475 590 562 άλίνδησις
605 473 734 564 (Hipp.)
750 475 982 563 comprobant5
1006 475 1154 542 ceterum
1175 472 1307 543 formae

223 592 383 678 ἐξαλῖσας,
417 591 551 679 ἐξήλῑαα
573 592 647 680 (Ar.
670 590 758 659 Nub.
782 590 860 679 241)
884 589 965 680 quin
987 590 1030 658 sd
1052 612 1211 679 praesens
1235 591 1306 671 ἐξα-

222 711 325 776 λίνδω
355 710 409 777 vel
440 708 616 789 ἐξαλινδέω
645 707 842 777 referendae
869 707 953 793 sint,
984 731 1053 775 non
1082 707 1218 776 dubium
1241 710 1304 776 est.

224 825 373 910 Quorum
396 829 575 916 utrumque
597 822 771 894 exstitisse
801 823 952 894 videtur:
985 825 1182 892 άλίνδεσθαι
1209 825 1307 896 novit

222 942 401 1027 Nicander,
424 942 472 1010 th.
496 943 561 1010 266
583 941 712 1032 μεσάτῳ
732 940 945 1008 ’ἐπαλίνδεται
969 941 1065 1029 ὁλκῷ.

319 1058 497 1146 ἐπαρτίζωε
532 1058 565 1143 Ι,
588 1058 653 1125 877
698 1051 910 1142 ἐπαρτίζοντο
954 1057 1110 1138 visorium
1160 1056 1195 1142 Ι,
1220 1057 1307 1124 1210

222 1175 329 1242 πάντα
341 1213 382 1224 -
395 1174 632 1260 ἐπαρτίσσειεν.
677 1172 776 1257 Quod
791 1174 930 1242 verbum
949 1173 1041 1241 inter
1061 1173 1171 1241 ionica
1192 1197 1305 1241 nume·

222 1291 365 1360 randum
394 1313 467 1359 esse
496 1290 683 1380 composita
714 1290 783 1376 ἀπ,
807 1290 863 1375 tt,
888 1293 1156 1379 εἰς-,κατ-αρτίζω
1186 1291 1305 1358 confir·
1408 1317 1410 1329 ¹

222 1412 333 1495 mant3
364 1408 569 1495 άρτίζεσδαι,
609 1407 694 1476 alios
724 1431 792 1475 non
822 1411 1038 1497 usurpatum,
1072 1430 1093 1476 α
1123 1407 1305 1476 Theocrito

215 1525 313 1604 Ὕλας
343 1525 385 1592 43
403 1535 404 1540 ’
425 1526 570 1617 Νύμφαι
603 1526 706 1613 χορὸν
740 1525 910 1610 άρτίζοντο
942 1524 1033 1593 haud
1068 1525 1135 1593 scio
1172 1547 1216 1592 an
1248 1547 1306 1593 no·

221 1644 338 1711 vatum
370 1641 425 1708 sit.
480 1640 632 1709 Pariter
654 1641 741 1710 enim
778 1645 881 1730 atque
912 1645 955 1711 ab
986 1642 1111 1711 veteris
1143 1642 1305 1711 sermonis

220 1758 451 1826 imitatoribus
475 1757 639 1847 simplicio
661 1759 798 1827 notione
820 1759 1078 1848 compositorum
1108 1759 1304 1846 induuntur,

221 1875 364 1964 (quade
393 1898 430 1943 re
460 1875 501 1944 cf.
532 1899 564 1964 p.
588 1876 654 1962 28),
687 1875 735 1944 sic
767 1877 808 1944 ab
840 1876 963 1945 eisdem
994 1879 1110 1946 crebro
1142 1877 1306 1967 simplicis

220 1993 411 2060 formantur
440 2014 541 2078 nova,
572 2015 657 2081 quae
689 1993 821 2060 omnino
850 1993 886 2060 in
914 2017 978 2061 usu
999 2017 1067 2061 non
1088 1993 1227 2062 fuerant
1249 1993 1305 2063 vel

220 2110 377 2198 usurpari
407 2133 474 2177 non
507 2109 704 2199 poteront¹)
742 2111 834 2179 cuius
866 2111 916 2180 rei
940 2109 1141 2200 Apollonius
1173 2132 1305 2199 qnoque

220 2227 427 2295 luculentum
457 2230 601 2316 praebet
638 2228 833 2316 exemplum.
892 2227 1070 2296 Homerica
1101 2228 1189 2296 enim
1222 2250 1305 2297 voce

222 2344 385 2413 δοάσσατο
420 2343 586 2413 adductus
619 2368 687 2412 non
724 2344 832 2413 solum
868 2345 1016 2414 activum
1050 2344 1193 2412 δοάσσαι
1226 2344 1306 2433 (ΠΙ,

221 2461 285 2528 955
316 2463 440 2530 ὁππότε
471 2464 600 2530 δοῦπον
615 2500 657 2511 -
673 2461 927 2550 παραθρέξαντα
950 2461 1104 2550 δοάσσαι)
1134 2460 1307 2547 formavit,

222 2578 281 2647 sed
303 2579 406 2648 etiem
427 2602 489 2668 pro
512 2581 616 2648 verbo
632 2578 790 2662 ἐνδοιάζον
814 2579 958 2669 simplici
980 2602 1061 2648 voce
1084 2579 1204 2661 δοιάζω
1227 2591 1306 2648 usus

221 2699 274 2764 est
302 2695 370 2781 ΙΙΙ,
394 2696 459 2764 819
482 2698 523 2765 οὐ
546 2696 574 2763 δ’
599 2699 647 2763 ἔτι
667 2697 793 2782 βουλάς
815 2698 898 2783 ἄλλῃ
921 2697 1125 2784 δοιάζεσκεν;
1155 2697 1219 2782 IV,
1242 2697 1307 2765 576

221 2813 263 2879 τά
285 2814 315 2879 δ’
340 2812 511 2900 ἠεροειδέα
548 2814 702 2880 λεύσσειν
736 2813 744 2900 Ι
776 2814 877 2900 οὔρεα
915 2813 1086 2895 δοιάζοντο
1123 2815 1306 2894 Κεραύνια.

221 2929 412 3018 (ἑπιδοιάζιο
434 2929 578 2999 novavit
599 2929 663 3015 IH,
687 2930 730 2997 21
760 2929 881 3010 πολέας
904 2931 933 2996 δ’
958 2929 1136 2999 ἐπεδοίασα
1159 2929 1307 3018 βουλάς).

222 3047 317 3130 Quae
338 3069 393 3115 res
418 3046 581 3136 quomodo
611 3069 647 3116 se
676 3047 827 3133 haberet,
860 3047 1089 3116 Buttmannus
1112 3047 1306 3136 explicavit,

220 3163 330 3232 Lexil.
352 3163 400 3250 II,
434 3187 467 3254 p.
493 3163 572 3250 102,
613 3164 672 3254 qui
707 3163 795 3234 idem
833 3164 971 3234 videbat
1009 3164 1167 3248 ἐνδοιάζον
1199 3163 1240 3233 de
1269 3164 1307 3232 ἐν

313 3418 340 3488 1)
360 3415 473 3474 condem
496 3433 555 3474 rem
572 3419 601 3473 in
620 3418 756 3474 atticismo
782 3418 954 3474 observatam
979 3417 1060 3475 effert
1079 3417 1232 3476 Schmidius
1250 3419 1268 3474 l.
1287 3419 1306 3474 1.

220 3516 267 3588 IV,
287 3520 354 3574 714:
374 3519 484 3590 ,Verbo
510 3519 645 3589 simplicia
664 3518 773 3575 werden
792 3536 841 3576 sus
861 3519 1017 3589 komposita
1043 3520 1242 3576 erschlossen“.
1268 3523 1307 3577 At

222 3620 308 3676 multo
327 3636 426 3690 parum
451 3621 522 3676 hene
540 3637 598 3677 rem
622 3621 754 3692 respexit,
783 3621 830 3691 qui
854 3621 1017 3677 novissimus
1043 3621 1158 3677 similem
1176 3622 1307 3678 tractorit

222 3721 417 3792 quaestionem,
437 3721 462 3776 J.
474 3721 600 3778 starkius
614 3722 643 3777 in
655 3722 726 3778 libro
747 3723 821 3793 ,Der
839 3722 943 3778 latente
953 3722 1156 3792 Sprachschotz
1174 3722 1306 3792 Homers3

222 3822 360 3878 Mt‘mchen
377 3824 462 3878 1908“
483 3822 624 3893 inscripto.
663 3823 715 3891 Qui
734 3824 852 3879 omnium
866 3823 926 3880 fere
939 3824 1152 3894 compositorum
1171 3823 1307 3893 simplicio

221 3922 341 3978 Homero
367 3929 434 3978 nota
457 3923 545 3979 fuisse
563 3923 712 3994 contendit,
737 3925 864 3994 Homero,
885 3923 952 3995 „der
969 3925 1011 3981 sie
1026 3923 1174 3994 jedenfalls
1193 3925 1305 3994 kanuto,

225 4024 291 4080 aber
318 4040 368 4079 cus
386 4024 484 4095 irgond
501 4025 629 4082 welchem
649 4024 761 4081 Grundc
778 4026 855 4081 nicht
873 4025 1034 4083 snwsndte“
1054 4027 1092 4097 (p.
1114 4026 1174 4098 15)·,
1201 4025 1248 4095 qui
1265 4025 1305 4096 fit,

222 4130 254 4180 ut
279 4124 398 4181 Homero
423 4142 446 4181 c.
466 4141 506 4195 gr.
527 4124 669 4196 dedectens)
694 4125 835 4183 adscribat
854 4127 897 4182 vel
917 4125 1036 4198 δημεάω,
1063 4127 1128 4196 quis
1146 4121 1305 4197 inconposito

223 4244 244 4280 π
263 4229 298 4282 28
318 4228 347 4298 (a
365 4226 442 4283 verbi
467 4226 578 4298 δηρεάα
606 4228 688 4298 plene
707 4227 815 4286 diverso
833 4228 956 4300 notione)
974 4228 1135 4285 inveniatur.
1223 4275 1224 4278 η
