3054 5010
755 329 799 397 20

304 493 438 574 'Activi
469 506 583 573 autem
615 501 744 572 formae
775 503 986 590 τεκταινέμεν
1007 501 1077 591 ΙΠ,
1098 505 1172 592 592,
1206 511 1316 595 τεκτή-

229 646 346 701 ναντες
367 622 414 707 Π,
439 622 501 689 381
535 623 613 690 sunt
644 621 791 707 illarum,
823 642 910 709 quae
932 625 1013 691 ante
1035 622 1211 711 Apollonii
1232 627 1315 693 tem·

230 761 315 828 pora
329 761 502 828 nusquam,
525 741 645 829 postea
660 737 811 807 erebrius
834 738 1053 809 inveniantur
1065 741 1089 827 1)
1115 740 1218 824 (Sext.
1238 743 1314 813 adv.

230 856 329 946 phys.
361 858 392 942 2,
416 857 496 945 2823
534 856 630 924 Phal.
658 877 709 946 ep.
738 857 790 940 13,
806 856 865 943 71;
904 857 940 924 in
977 856 1177 928 carminibus
1209 859 1252 927 A.
1275 861 1314 929 P.

233 974 295 1059 VI,
319 975 370 1059 80,
394 974 415 1040 2
437 973 627 1062 Agathias3
652 972 811 1042 Manetho
835 973 897 1058 VI,
920 973 1007 1062 496),
1039 975 1091 1043 ita
1112 981 1152 1044 ut
1173 975 1314 1065 Apollo-

231 1092 306 1160 nius
340 1091 607 1161 vetustissimum
636 1090 732 1160 nobis
766 1092 935 1180 praebeat
963 1091 1192 1162 testimonium
1221 1092 1314 1162 illius

229 1231 319 1291 usus,
359 1232 457 1298 quem
496 1208 634 1297 linguae
665 1218 780 1295 κοινῆς
810 1207 988 1298 proprium
1018 1209 1123 1279 fuisse
1153 1210 1313 1279 videmus.

228 1326 303 1411 Qua
337 1329 453 1395 aetate
485 1348 584 1415 saepe
607 1326 735 1394 factum
758 1349 830 1394 esse
852 1329 997 1411 constat,
1020 1330 1060 1395 ut
1083 1327 1230 1397 activum
1252 1352 1313 1417 pro

228 1443 338 1511 medio
370 1465 406 1510 se
439 1442 645 1530 insinuaret3
679 1441 918 1530 Hatzidalris2)
941 1443 963 1509 l.
988 1441 1012 1510 l.
1035 1466 1068 1532 p.
1093 1443 1172 1512 197:
1210 1443 1314 1529 „Eine

228 1561 471 1631 unmittelbare
504 1561 611 1650 Folge
645 1561 706 1629 der
739 1561 932 1629 Konfusion
965 1585 1034 1631 von
1073 1561 1213 1632 aktiven
1245 1562 1315 1630 und

228 1681 395 1750 medialen
424 1679 571 1748 Formen
604 1680 652 1748 ist
685 1680 777 1749 wohl
811 1680 895 1748 auch
929 1679 989 1748 das
1016 1680 1222 1749 Ersoheinen
1256 1681 1314 1749 des

228 1797 412 1868 Aktivums
435 1796 489 1882 da,
512 1820 564 1866 wo
587 1818 665 1864 man
688 1796 806 1864 friiher
829 1797 883 1864 dia
905 1796 1120 1866 Medialform
1142 1797 1315 1866 entweder

229 1915 333 1983 ullein
349 1915 431 1983 oder
446 1913 699 2001 vorzugsweise
721 1913 959 2001 gebrauchte“.
1005 1913 1180 1983 Eiusmodi
1202 1918 1315 1982 autem

229 2055 427 2121 progressus
458 2053 659 2121 quamquam
687 2031 777 2119 apud
798 2029 1019 2119 Apollonium
1047 2031 1132 2098 nihil
1158 2031 1225 2098 nisi
1246 2031 1314 2120 pri-

228 2149 359 2218 mordia
380 2172 442 2217 nos
472 2148 627 2218 invenire
649 2147 835 2217 verisimile
865 2150 928 2233 est,
961 2151 1075 2217 tamen
1103 2149 1186 2217 haee
1207 2170 1315 2238 pauca

230 2290 304 2335 oum
325 2267 573 2356 posterioribus
603 2265 808 2333 testimoniis
838 2266 1077 2354 coniungamus
1108 2266 1190 2333 lieet
1212 2268 1315 2354 atque

230 2386 375 2472 oportet.
421 2382 550 2466 Quibus
582 2384 681 2450 rebus
712 2385 805 2450 reete
829 2383 1014 2451 ooniunotis
1045 2382 1108 2450 hoo
1140 2382 1311 2466 efficimus,

227 2505 267 2569 ut
289 2499 425 2567 maximi
454 2500 549 2568 nobis
581 2499 651 2568 sint
672 2500 832 2568 momenti
864 2502 985 2588 poetae
1017 2499 1221 2584 testimonia,
1254 2498 1314 2567 ubi

228 2617 396 2706 pedestris
420 2618 585 2686 orationis
617 2619 821 2707 scriptorum
848 2640 955 2706 paene
977 2618 1109 2687 desunt.
1156 2617 1211 2687 Sic
1231 2639 1312 2685 usus
1413 2622 1414 2626 ’

229 2732 470 2804 intransitivae
502 2734 593 2803 vocis
625 2738 752 2801 κλίνειν
774 2734 802 2818 Ι,
826 2735 891 2801 452
921 2739 1094 2814 κλίνοντος
1120 2737 1187 2803 ὑπὸ
1209 2737 1314 2822 ζόφον

229 2853 355 2938 ἠελίοιο
379 2851 504 2939 optime
528 2850 688 2939 congruit
710 2873 783 2918 oum
798 2850 940 2940 Polybio
957 2852 998 2939 (Ι,
1016 2853 1067 2936 63,
1080 2853 1118 2940 53
1143 2852 1210 2936 III,
1228 2851 1313 2936 aa?

229 2969 294 3054 ἅμα
310 2977 356 3056 τῷ
378 2973 488 3034 κλῖναι
503 2970 541 3034 τὸ
556 2972 669 3055 τρίτον
690 2967 791 3056 μέρος
812 2978 870 3054 τῆς
891 2967 1024 3056 νυκτός)
1042 2972 1078 3037 et
1093 2968 1312 3058 scriptoribus

226 3084 308 3154 novi
323 3084 535 3154 Testamenti
551 3085 642 3168 (Lue.
656 3085 685 3170 9,
703 3085 761 3171 123
785 3085 837 3171 24,
854 3085 907 3169 29)
920 3085 945 3172 ³)
954 3110 962 3173 5
987 3088 1025 3154 at
1039 3085 1232 3156 Herodotus
1249 3084 1312 3172 IV,

320 3308 347 3379 1)
366 3327 390 3363 v.
400 3308 582 3378 τεκτοίνομοι
601 3307 704 3378 passivi
723 3323 831 3378 quoque
845 3324 956 3365 munera
975 3324 1058 3379 saepe
1076 3309 1201 3366 functum
1220 3315 1270 3380 ost,
1289 3325 1312 3365 a.
1362 3299 1364 3304 ’

227 3411 267 3468 gr.
288 3401 334 3453 Ar.
354 3399 418 3469 Lys.
438 3401 505 3468 6743
533 3398 585 3466 Eq.
605 3401 666 3468 462,
696 3414 767 3467 quae
791 3414 836 3455 res
862 3398 937 3454 haud
962 3400 1018 3455 scio
1038 3415 1073 3456 an
1093 3416 1143 3469 pro
1163 3416 1214 3457 sua
1232 3405 1314 3470 parte

229 3487 357 3557 effecerit,
377 3493 409 3542 ut
426 3487 545 3543 activum
564 3487 738 3544 formaretur.

317 3578 346 3649 2)
366 3577 401 3632 cf.
420 3577 500 3633 Blass
520 3578 610 3632 Gram.
631 3576 678 3632 des
697 3583 771 3633 naut.
791 3579 837 3634 Gr.
857 3595 883 3648 p.
905 3583 963 3634 187.

317 3668 346 3739 3)
365 3666 528 3722 Hatzidakis
547 3667 565 3723 l.
584 3667 602 3723 l.
622 3684 648 3736 p.
659 3671 726 3723 200:
747 3685 832 3739 „ganz
852 3685 882 3724 so
902 3670 972 3724 auch
990 3670 1087 3726 heuto:
1108 3667 1176 3724 κλίν’
1197 3666 1313 3740 ἡμίοοι“,

229 3757 276 3828 qui
288 3758 340 3813 hae
355 3757 389 3813 de
401 3773 432 3812 ra
445 3756 575 3813 disseruit
587 3757 670 3812 haee:
691 3757 805 3828 „Dieser
815 3759 1017 3828 Verwitterung
1030 3758 1079 3814 der
1091 3758 1314 3815 verschiedenen·

229 3847 320 3902 Activ-
339 3847 396 3902 und
413 3846 625 3903 Medialformen
643 3848 680 3903 ist
699 3863 728 3902 es
747 3848 818 3902 wohl
837 3848 908 3902 auch
931 3849 1152 3917 zuzusohreiben,
1178 3847 1231 3904 dass
1250 3864 1313 3903 man

228 3936 282 3992 seit
309 3934 358 3992 der
384 3937 492 3992 naohkl.
512 3937 574 3992 Zeit
601 3936 646 3992 dio
673 3937 829 3993 Aktivform
857 3937 906 3994 der
936 3938 1051 3994 meisten
1071 3938 1163 3994 Verba
1189 3938 1314 4007 zugleioh

228 4027 358 4082 transitis
371 4025 437 4082 oder
450 4027 573 4082 causativ
586 4026 653 4082 oder
671 4028 828 4084 intransitiv
842 4028 1003 4083 verwenden
1021 4029 1121 4084 kann“.
1161 4028 1267 4098 „Schon
1285 4028 1314 4082 in

228 4115 278 4171 der
296 4117 380 4172 klaas.
399 4116 461 4171 Zeit
478 4115 569 4172 finden
588 4117 647 4172 siah
666 4116 759 4173 soleba
778 4117 941 4188 Beispiale“.
979 4118 1023 4172 Ex
1036 4118 1181 4188 Apollonio
1200 4118 1254 4174 huc
1272 4133 1314 4175 re·

229 4205 345 4263 feranda
364 4212 427 4263 sunt
446 4211 554 4265 λείιιειν
572 4213 600 4264 et
617 4211 728 4265 τείνειν.
