3054 5010
774 363 818 429 28

251 538 293 604 nt
315 539 563 626 assequeretur,
596 537 760 607 nonnulla
790 540 896 608 verba
927 537 1092 627 simplicis¹
1118 561 1192 607 oum
1214 537 1331 608 dativo

251 653 353 722 looali
384 655 558 723 coniunxit
589 656 722 724 ratione
745 679 766 724 a
787 678 848 724 sue
876 656 982 744 ipsius
1014 655 1202 724 elocutione
1233 657 1333 746 plene

252 771 365 840 aliena
375 772 417 859 ¹):
441 774 513 859 ἴημι
529 772 603 860 (IV,
619 773 673 860 79)
691 775 831 841 πάσσειν
846 774 920 862 (IV,
937 773 1014 861 443)
1030 777 1152 841 τείνειν
1173 773 1213 862 (Ι,
1232 774 1333 861 1009,

252 888 314 973 IV,
339 889 425 977 107),
449 890 564 977 φέρειν
587 891 661 978 (IV,
686 891 793 979 1391).
838 889 936 959 ralia
958 912 1137 979 numquam
1165 895 1244 979 post
1266 891 1333 959 Ho-

252 1006 337 1073 meri
370 1009 524 1096 tempore
556 1007 740 1078 aGraeeis
772 1008 864 1077 dieta
894 1008 1028 1096 poetice
1060 1031 1131 1076 esse
1163 1008 1334 1077 existima·

252 1124 393 1210 bantur,
427 1123 471 1191 ef.¹
495 1123 756 1209 Oa11.VI,131:
788 1126 880 1210 χάτις
899 1125 1083 1192 Ἐλειθοίαι
1113 1128 1214 1192 τείνει
1236 1125 1317 1212 χέρα
1324 1149 1332 1211 ;

252 1239 342 1328 apud
357 1240 538 1307 Homerum
561 1243 699 1309 exstent
720 1240 819 1308 huius
843 1241 933 1308 modi
955 1244 1148 1309 structurae
1162 1279 1198 1290 -
1213 1242 1333 1309 Monro

252 1380 284 1445 p.
308 1356 371 1424 139
384 1379 410 1424 s.
435 1397 475 1408 -
499 1362 539 1424 Η
557 1358 620 1424 187
654 1357 756 1446 κυνέη
789 1359 869 1444 βάλε
903 1360 939 1426 et
971 1365 1004 1424 Ε
1023 1359 1066 1426 82
1099 1361 1202 1446 πεδίῳ
1237 1358 1332 1445 πέσε,

252 1473 349 1542 verbi
372 1477 485 1542 autem
508 1478 629 1542 τείνειν
651 1498 732 1543 usus
763 1475 916 1564 sequitur
944 1497 1041 1542 nsum
1063 1476 1244 1544 verborum
1265 1475 1333 1544 Ho-

251 1591 450 1660 meritorum
472 1593 631 1659 πετάσσαι
653 1592 698 1680 (Δ
721 1592 784 1659 523
806 1604 951 1678 χεῖρε-
964 1591 1120 1679 ἑτάροισι)
1143 1595 1180 1661 et
1202 1591 1333 1680 ὀρέγειν

144 1760 146 1765 -
253 1709 288 1796 (μ
310 1710 374 1776 257
397 1720 508 1796 χείροις
530 1708 625 1797 ἐμοὶ).

339 1825 551 1895 Posteriores
575 1829 687 1894 entem
702 1827 806 1894 telem
822 1826 975 1894 dativum
990 1849 1008 1895 e
1023 1827 1206 1916 composito
1230 1829 1334 1896 verbo

253 1943 455 2031 pendentem
484 1944 568 2011 bene
596 1945 766 2012 noverant
795 1944 847 2012 ita
872 1947 913 2012 nt
939 1943 1033 2010 illem
1064 1947 1273 2013 structuram
1296 1967 1334 2014 eo

253 2083 385 2149 quoqne
406 2061 503 2128 modo
527 2061 696 2150 explicare
718 2064 866 2149 possent,
899 2063 940 2128 ut
960 2067 1096 2150 poetam
1116 2084 1180 2151 pro
1204 2084 1335 2151 compo·

253 2177 320 2245 sito
355 2201 452 2245 usum
485 2200 557 2246 esse
590 2177 732 2267 simplici
765 2180 869 2247 verbo
905 2181 1112 2267 aooiperent;
1147 2178 1235 2247 unde
1269 2179 1336 2247 elie

253 2317 385 2383 quoqne
408 2289 511 2364 verbe
533 2295 698 2384 simplicia
728 2299 929 2385 usurpantes
952 2299 1089 2365 vetusto
1113 2295 1256 2364 sermoni
1278 2317 1336 2385 ep·

252 2412 478 2502 propinquare
494 2413 559 2481 sibi
574 2413 788 2498 videbantur,
812 2413 908 2482 velut
922 2414 989 2502 Ap.
1005 2413 1054 2496 ΙΙ,
1069 2413 1133 2480 898
1146 2413 1282 2500 ’Ληναίῳ
1298 2411 1335 2479 δὲ

252 2536 365 2609 τολεῑς
388 2530 518 2618 ᾔνησαν
542 2530 681 2616 ἑταίρων
704 2530 845 2599 verbum
870 2534 978 2599 αἰνεῖν
1009 2530 1201 2619 significatu
1223 2552 1334 2598 essen·

250 2647 360 2715 tiendi
380 2670 443 2736 pro
464 2647 528 2733 ε’τ-,
549 2666 636 2734 σον,
661 2659 829 2715 καταινεῑν
843 2648 967 2736 posuit.
1004 2647 1144 2715 Omnino
1156 2647 1252 2746 'enim
1273 2668 1333 2736 pro

251 2785 372 2852 magno
397 2764 657 2853 compositorum
679 2787 862 2854 progressu
892 2765 1090 2854 simplicium
1117 2787 1197 2832 usus
1222 2768 1334 2833 vetus·

251 2881 337 2949 tatis
361 2882 503 2969 speciem
525 2903 608 2969 pree
631 2903 668 2948 se
690 2880 762 2949 fert
784 2905 858 2949 oum
881 2881 970 2969 apud
992 2881 1076 2949 elios
1099 2884 1228 2969 gentes,
1261 2886 1335 2951 tnm

252 2997 342 3086 apud
366 2997 533 3086 Graecos,
568 3000 670 3087 etque
702 3002 743 3066 ut
775 2999 923 3065 erebrius
958 2998 1089 3066 easdem
1121 3001 1156 3066 et
1187 3000 1222 3065 in
1254 3001 1334 3069 utti-

251 3114 353 3182 oismo
391 3118 426 3183 et
463 3115 499 3182 in
529 3115 706 3183 Homerios
741 3115 932 3184 imitatione
971 3116 1059 3183 vires
1098 3138 1333 3204 cognoscemus

252 3234 399 3320 oportet,
423 3232 474 3299 ite
496 3230 683 3299 Sohmidius
700 3231 926 3321 (Attiesvp.
939 3232 1015 3316 714)
1037 3233 1128 3300 inter
1149 3233 1334 3301 eommunia

253 3348 414 3416 sttioismi
436 3348 533 3436 signa
555 3348 689 3436 profert
710 3348 789 3416 hoo:
817 3349 951 3433 ,Verbo
972 3348 1137 3438 simplioie
1160 3352 1276 3418 treton
1298 3349 1334 3417 in

252 3464 307 3533 die
328 3464 547 3533 anktionen
569 3488 637 3534 von
658 3465 844 3555 composite
866 3466 952 3532 ein“.

138 3585 233 3673 510.
340 3580 476 3649 Pariter
521 3582 719 3671 genetivum
763 3604 894 3671 quoqne
942 3605 1063 3671 purum
1088 3583 1174 3673 ·Ap.
1212 3583 1332 3651 Home·

251 3721 326 3766 rum
358 3720 519 3788 superans
559 3700 667 3787 magis
698 3718 797 3787 quam
837 3723 977 3789 sequens
1017 3700 1170 3769 crebrius
1201 3701 1332 3790 posuit:

185 3829 187 3832 ‘
251 3815 281 3900 I,
306 3815 391 3882 1183
415 3817 569 3902 φυλλάδα
592 3818 764 3902 λειμώνων
785 3815 906 3904 φέρον;
938 3817 966 3902 Ι,
991 3816 1076 3884 1196
1104 3817 1166 3902 τὴν
1188 3816 1332 3905 (ἐλάτην)

342 4054 370 4124 1)
388 4071 412 4108 v.
432 4054 565 4123 κομίζειν,
586 4052 658 4122 quod
671 4053 702 4107 L.
716 4053 805 4122 effert,
824 4069 880 4108 non
897 4053 951 4108 hue
969 4053 1098 4123 pertinet,
1118 4055 1184 4123 quie
1201 4055 1249 4122 IV,
1265 4058 1334 4110 1704

249 4151 352 4225 (πολλὰ
365 4151 397 4208 δὲ
409 4155 512 4208 Πνθοῐ
525 4153 667 4223 ὑπίσχετο,
684 4153 774 4208 πολλὰ
787 4152 815 4209 δ’
827 4152 980 4224 mposisse,
998 4153 1087 4209 πολλὰ
1101 4157 1131 4210 δ’
1144 4151 1172 4217 ἐς
1185 4150 1340 4225 Ὀρτυγίην

249 4254 396 4326 ἀπερείσια
415 4255 493 4323 δῶρα
511 4255 665 4326 κομίσσειν)
684 4254 770 4310 dativi
788 4270 803 4310 e
821 4255 904 4310 verbo
923 4254 1054 4328 ὑτίσηετο
1073 4254 1201 4329 pendent.
