3054 5010
739 383 782 450 59

220 558 327 649 pavit,
357 557 424 626 nisi
446 558 512 643 111,
531 559 595 626 932
624 561 776 645 ἠνίπαπε,
803 561 844 625 ut
865 555 962 625 Hom.
986 578 1103 647 saepe;
1134 557 1236 638 ἐνίψω
1267 561 1305 626 ελ

221 675 380 762 ἐνίφομεν
391 698 521 766 semper
531 675 708 744 Homerico
722 673 819 743 modo
834 674 1006 743 notionem
1018 674 1150 743 dicendi
1163 675 1302 745 habent.

309 793 526 881 ἐπιχρεμέθω.
578 792 645 876 ΙΠ,
672 792 757 859 1252
789 793 913 878 (ἵππος)
945 799 1104 882 σκαρθμῷ
1136 792 1303 878 ἐπιχρεμέ-

221 919 297 977 θων
318 912 434 996 κρούει
457 909 571 995 πίθον,
602 909 691 998 quod
718 908 873 977 imiratus
899 911 953 977 est
977 909 1039 993 Qu.
1063 908 1130 978 Sm.
1153 909 1215 993 XI,
1239 909 1304 977 328

221 1028 318 1094 ἵπποι
357 1031 467 1114 φορβή
508 1026 798 1113 ἐπιχρεμέθοντες,
843 1025 996 1113 χρεμέθω
1034 1025 1124 1115 apud
1165 1025 1305 1095 eundem

220 1143 438 1233 Apollonium
467 1143 611 1231 primum
638 1145 768 1225 exstat,
801 1141 882 1210 fus
904 1142 1003 1211 Mieh.
1034 1145 1106 1210 οὐδ’
1129 1144 1226 1211 ἵπποι
1249 1145 1305 1230 ὀρ-

220 1258 338 1346 θριναὶ
368 1261 450 1327 κατὰ
472 1262 600 1339 κλισίας
622 1258 847 1346 χρεμέθεσκον
870 1259 926 1346 (of.
951 1260 1035 1349 Opp.
1058 1259 1146 1348 Cyn.
1169 1259 1197 1344 I,
1221 1259 1303 1346 2345

219 1376 317 1445 ar.
339 1375 401 1460 m,
425 1376 512 1463 aas).
1332 1348 1340 1377 ‘

308 1493 406 1576 Quod
436 1495 576 1562 verbum
606 1492 686 1582 quin
708 1493 775 1582 Ap.
799 1491 986 1582 exemplum
1007 1493 1222 1563 Homericum
1254 1516 1304 1564 so·

221 1611 320 1678 entus
351 1609 591 1698 (ἠγερέθονται,
615 1610 807 1697 ἠερέθοντο,
829 1609 977 1694 θαλίθω,
1001 1611 1170 1697 φλεγέθω)
1201 1634 1303 1681 nova·

220 1727 327 1811 verit,
360 1749 433 1794 oum
461 1750 527 1795 non
562 1727 697 1794 dubium
719 1727 886 1810 videatur,
909 1730 1024 1796 tamen
1057 1728 1213 1817 cognosci
1236 1752 1304 1799 nou

219 1845 345 1933 potest,
375 1843 464 1912 unde
487 1866 687 1934 progressus
719 1844 775 1913 sit.
828 1844 916 1912 Nam
948 1865 1033 1933 quaa
1062 1867 1122 1914 nos
1148 1846 1302 1916 novimus

219 1963 326 2030 verba
354 1965 528 2050 χρεμετίζω
560 1962 615 2048 (ab
638 1961 777 2029 Homeri
804 1964 920 2030 aetate
942 1962 1131 2050 usitatum),
1164 1966 1303 2050 χρεμίζω

219 2077 381 2164 (Haase.
406 2077 470 2144 348
498 2077 682 2172 χρέμισαν),
713 2078 879 2165 χρεμετιίω
911 2078 953 2167 (si
975 2082 1105 2147 reatum
1129 2084 1191 2163 est,
1215 2079 1305 2168 quod

219 2195 348 2283 legitur
371 2194 457 2264 Gall.
486 2195 528 2262 fr.
551 2194 638 2281 352),
672 2194 747 2283 ipsa
770 2193 928 2266 derivata
959 2198 1039 2264 sunt
1070 2196 1111 2264 de
1144 2196 1302 2283 *χρεμέω

219 2311 275 2400 (ef.
307 2311 457 2380 Crameri
491 2310 620 2379 Aneed.
652 2310 758 2379 Oxon.
781 2311 810 2394 Ι,
834 2312 931 2396 87,6
968 2312 1095 2399 ὀμίθω·
1133 2315 1171 2379 τὸ
1202 2313 1302 2400 ὀμῶ);

219 2427 393 2516 *χρὲμετος
409 2454 416 2494 :
433 2431 623 2515 χρεμετίζω,
648 2427 791 2515 *χρεμέω
808 2452 815 2494 :
832 2431 987 2516 χρεμίζω,
1009 2429 1105 2498 velut
1128 2430 1302 2516 πολεμίως

219 2548 382 2630 πολεμίζω
397 2544 560 2612 formavit
576 2543 672 2612 Seuti
693 2546 823 2630 auoeor,
845 2547 1016 2635 tamquam
1038 2547 1183 2633 *χρεμέω
1204 2546 1302 2616 deno·

218 2661 419 2730 minetivum
456 2661 546 2750 quod
578 2661 785 2750 appellamus
824 2666 915 2730 esset
922 2687 930 2750 3
969 2662 1059 2751 quod
1091 2687 1164 2732 esse
1198 2668 1304 2752 negat

221 2782 407 2866 χρεμετίζω.

304 2895 408 2983 Apud
428 2895 647 2985 Apollonium
673 2895 781 2964 solum
803 2895 865 2980 IV,
882 2897 956 2982 675,
973 2897 1038 2965 974
1059 2899 1301 2987 (ὀπηδεύοντα;

218 3013 442 3101 ὀπηδεύουσα)
472 3013 648 3082 invenitur
677 3016 818 3082 verbum
852 3016 1006 3100 ὀπηδεύω
1036 3038 1099 3104 pro
1123 3015 1301 3086 Homerico

218 3129 361 3219 aliisque
382 3131 512 3200 usitato
529 3132 678 3217 ὀπήὀέω;
702 3134 805 3220 atque
820 3132 954 3221 pariter
970 3133 1018 3219 H,
1036 3133 1121 3202 1008
1143 3134 1304 3224 (κάματον

217 3251 326 3332 βαρύν
357 3249 564 3334 ὀτλεύουσιν)
599 3273 630 3316 v.
663 3249 786 3315 ὀτλεύω
820 3248 959 3337 legitur,
999 3250 1088 3338 quod
1120 3251 1208 3319 idem
1240 3252 1303 3321 hoe

216 3367 351 3432 tantum
382 3365 455 3432 loeo
486 3368 603 3433 exstat
632 3365 710 3454 (nisi
741 3365 831 3455 apud
858 3367 1022 3434 Babrium
1044 3368 1097 3452 37,
1121 3369 1141 3435 3
1171 3372 1303 3456 μόχθον

217 3473 291 3548 οἷον
323 3482 496 3567 ὀτλεύεις),
527 3481 675 3569 positum
706 3503 770 3572 pro
801 3483 902 3550 ὀτλέω
912 3483 951 3568 1);
991 3484 1039 3551 sio
1069 3487 1184 3553 autem
1212 3488 1303 3576 apud

216 3597 398 3665 Homerum
429 3601 602 3686 ponuntur
630 3601 667 3666 ολ
697 3601 827 3684 ἀχεύων
849 3603 885 3668 ολ
907 3599 1023 3686 ἀχέων,
1055 3605 1091 3669 et
1114 3604 1241 3671 θοκεύω
1265 3607 1301 3673 et

217 3713 446 3799 δεδοκημένος.
516 3713 583 3783 Sed
615 3714 850 3812 Apollonium,
888 3739 962 3784 eum
998 3717 1122 3786 aoristi
1158 3719 1301 3789 formam

217 3832 394 3916 ὀτλήσειαν
409 3830 485 3918 (fut.
503 3832 693 3918 ὀτλησέμεν,
713 3832 853 3921 ὀτλήσω)
869 3837 906 3902 et
920 3835 1111 3923 praesentis
1127 3837 1301 3905 ὀτλεύουσι

216 3950 409 4036 usurparet,
441 3948 594 4037 exempla
613 3949 797 4038 Homerica
823 3951 919 4019 velut
943 3956 1142 4038 λωβήσασθε
1172 3957 1207 4022 et
1238 3960 1300 4021 λω-

215 4066 313 4152 βεύω,
337 4069 551 4152 μωμήσονται
575 4069 610 4136 at
632 4070 770 4154 μωμεύῃ
799 4069 968 4137 imitatum
1001 4092 1074 4138 esse
1097 4070 1186 4139 vidit
1208 4071 1299 4141 Guil.

220 4180 371 4250 Sohulzo.

306 4307 332 4376 1)
351 4303 426 4374 quod
444 4321 530 4376 supra
547 4324 574 4377 p.
594 4309 629 4362 54
647 4308 834 4385 tractavimus.
