3054 5010
259 692 325 780 (op.
340 641 417 779 485)
439 689 610 775 formavit,
634 695 701 780 qua
722 689 764 759 de
779 713 818 759 re
833 691 876 760 cf.
892 689 1079 760 Brachium
1099 691 1132 780 p.
1148 688 1212 756 142
1235 687 1341 758 disse-

257 812 398 895 rentem,
430 809 489 898 qui
510 810 641 876 ceteras
664 830 796 898 quoque
818 811 860 878 ab
884 809 1030 877 Homero
1052 807 1248 878 recedentes
1270 806 1341 874 for·

257 949 328 995 mas
352 926 547 1016 composuit,
571 925 693 994 omisso
717 925 834 1005 πιέσας
856 925 921 1011 ΠΙ,
947 926 1041 994 1835.

342 1042 503 1110 Eiusdem
536 1042 663 1110 ordinis
696 1045 776 1111 sunt
806 1042 994 1132 perfectum
1022 1041 1184 1129 ήερμένον
1207 1039 1253 1122 ΙΙ,
1278 1041 1340 1108 171

257 1159 429 1248 (Hippocr.
462 1160 492 1246 8,
516 1160 583 1226 280
593 1159 632 1227 Ιι.
665 1155 779 1246 iprum
811 1162 920 1246 ἄωρτο
943 1163 975 1224 Γ
992 1159 1070 1245 242)
1101 1160 1138 1226 et
1169 1158 1292 1226 littera
1321 1183 1342 1243 η

257 1276 482 1366 amplificatae
505 1277 635 1345 formae
657 1301 688 1344 v.
711 1277 804 1363 ἀέξω,
836 1275 1010 1363 ἀεξηθέντι
1034 1275 1082 1360 ΙΙ,
1105 1275 1167 1342 511
1192 1277 1228 1343 et
1250 1274 1341 1360 ἀεξή·

257 1401 377 1461 σεσθαι
391 1394 457 1479 ΠΙ,
481 1395 554 1480 837,
578 1416 665 1483 quae
687 1395 729 1463 de
743 1418 776 1463 v.
792 1394 923 1476 αὐξάνοι
946 1392 1120 1461 derivatae
1143 1395 1241 1460 erant
1256 1414 1342 1460 com·

256 1534 381 1597 munes,
414 1511 510 1582 dev.
534 1511 617 1594 ἀέξω
648 1512 756 1580 adhuc
786 1535 855 1580 non
887 1513 1073 1600 usurpatae
1102 1513 1145 1578 ab
1166 1509 1342 1598 Apollonii

256 1629 466 1719 temporibus
490 1630 604 1719 epicae
626 1651 765 1719 poeseos
798 1628 953 1718 propriae
977 1631 1095 1716 erant;
1129 1649 1157 1696 e.
1180 1649 1230 1715 gr.
1254 1627 1339 1711 Nic,

257 1745 341 1836 Opp.
364 1745 443 1814 Hal.
466 1747 509 1832 V,
532 1747 613 1834 4643
637 1746 747 1815 Noun.
770 1745 812 1813 D.
835 1745 916 1826 XII,
939 1746 992 1812 24.

210 1915 216 1930 .
344 1862 543 1950 ἀεξήσεσθαι
575 1865 688 1932 autem
717 1862 855 1930 notione
884 1861 1023 1952 passiva
1045 1864 1244 1950 usurpatum
1267 1882 1341 1928 esse

206 1987 208 1992 ’
256 1979 403 2067 dignum,
437 1980 527 2069 quod
558 1979 863 2049 animadvertatur.
915 1978 1054 2048 Nullum
1087 1979 1175 2046 euim
1205 1977 1241 2044 in
1271 1977 1340 2045 Ar·

255 2095 447 2184 gonauticis
490 2096 645 2164 futurum
688 2097 725 2164 in
768 2099 951 2182 -θήσεσθαι
993 2095 1114 2164 cadens
1158 2094 1341 2163 invenitur.

256 2210 472 2300 Cognoverat
503 2213 612 2301 igitur
634 2213 783 2302 Aphas
811 2212 940 2281 formas
972 2213 1013 2280 ab
1035 2211 1182 2280 Homero
1214 2211 1342 2279 alienas

256 2350 338 2413 esse,
362 2351 468 2418 eaque
490 2329 533 2396 de
555 2350 657 2397 causa
678 2332 880 2418 aspernatus
904 2333 966 2414 est,
992 2328 1082 2396 baud
1104 2329 1206 2397 aliter
1228 2350 1268 2397 ac
1289 2329 1342 2396 fu-

255 2445 327 2513 turi
349 2445 541 2534 optativum
550 2445 583 2534 ¹).
629 2445 683 2516 Ne
699 2446 773 2534 quis
795 2447 946 2531 miretur,
970 2445 1060 2535 quod
1081 2445 1220 2513 tantula
1240 2446 1343 2534 poeta

211 2553 214 2561 ’
255 2563 495 2650 grammaticus
529 2563 777 2647 observaverit,
812 2563 969 2631 conferat
1000 2562 1111 2647 velim,
1146 2584 1232 2651 quae
1254 2563 1341 2630 Mer-

254 2679 365 2749 kelius
398 2679 498 2768 proll.
521 2703 554 2770 p.
580 2679 689 2749 CLVI
721 2680 763 2748 de
795 2682 978 2765 αἱμυλίοισι
1011 2682 1140 2765 λόγοισι
1172 2679 1340 2749 disseruit.

256 2797 319 2867 cm·
342 2796 494 2886 exemplo
518 2796 611 2864 aliud
633 2797 791 2881 addatur,
814 2819 879 2886 quo
904 2799 1032 2885 quanta
1054 2795 1248 2864 subtilitate
1270 2797 1341 2864 imi·

255 2915 351 2982 tator
369 2916 605 3003 perscrutatus
628 2917 665 2982 et
686 2915 882 3002 persecutus
907 2915 954 2982 sit
975 2914 1167 2998 Homerum,
1200 2913 1340 2982 eluceat.

254 3031 311 3099 Ab
324 3029 504 3098 Homerica
526 3030 715 3099 elocutione
731 3030 863 3098 omnino
888 3031 998 3098 aliena
1021 3053 1094 3099 esse
1116 3030 1284 3099 adiectiva
1306 3031 1341 3097 in

256 3151 340 3227 -ιιιός
354 3146 510 3216 cadentia
525 3146 640 3216 docuit
649 3147 967 3236 Wackernagelius:
990 3148 1209 3216 inveniuntur
1223 3148 1259 3214 in
1271 3146 1341 3215 Ho-

254 3265 338 3332 meri
360 3264 561 3334 carminibus
578 3264 742 3333 nonnulla
756 3264 891 3332 nomina
904 3264 1000 3333 velut
1018 3264 1188 3351 Ἀχαιικόν,
1211 3270 1341 3331 Πελασ-

255 3385 359 3468 μιιιός,
393 3384 574 3471 praeterea
604 3383 787 3470 ὀρφανικός
817 3384 854 3450 et
881 3385 1069 3469 παρθενική
1076 3407 1084 3468 ;
1115 3404 1224 3470 neque
1258 3382 1341 3450 haec

256 3501 336 3567 sunt
358 3499 569 3586 adiectiva2).
615 3499 737 3588 Itaque
770 3522 812 3567 ne
836 3499 1037 3588 Apollonius
1072 3498 1206 3588 quidem
1232 3498 1341 3566 ullum

254 3619 398 3705 usurpat
421 3615 625 3685 adiectivum
639 3617 675 3683 in
690 3619 776 3696 -ικός
792 3616 946 3684 desinens
964 3616 1031 3683 nisi
1044 3615 1180 3684 nomina
1200 3616 1341 3705 propria

256 3735 292 3801 et
314 3737 502 3820 παρθενική
531 3757 609 3802 mox
639 3757 700 3823 pro
724 3733 938 3803 substantivo
968 3756 1046 3802 mox
1067 3756 1130 3822 pro
1162 3733 1339 3817 adiectivo,

260 3883 467 3895 *-

345 3957 372 4028 1)
391 3957 475 4013 Laur.
489 3957 598 4029 quidem
610 3957 715 4014 nullum
727 3956 880 4026 exemplum
892 3957 1023 4026 praebet;
1040 3956 1135 4026 itaque
1147 3954 1222 4013 haud
1234 3956 1291 4012 scio
1304 3971 1341 4012 an

254 4074 310 4113 non
327 4058 588 4115 recteWellauarus
606 4059 654 4127 IV,
668 4061 737 4116 1660
755 4055 831 4128 ρέξοι
849 4057 993 4128 receperit.
1013 4058 1060 4129 (11,
1078 4060 1131 4113 469
1149 4054 1267 4127 μογήσαι
1285 4073 1341 4114 non

254 4157 309 4214 nisi
327 4173 422 4214 errore
441 4159 574 4228 explicari
592 4159 705 4230 potest.)

345 4259 374 4330 2)
392 4259 436 4314 W.
448 4259 578 4316 Schulze:
597 4260 654 4315 Zur
663 4259 760 4315 Gesch.
771 4259 797 4314 d.
807 4260 854 4314 lat.
865 4259 1052 4329 Eigannamen
1062 4275 1088 4328 p.
1099 4260 1159 4314 418.
1198 4258 1251 4326 Qui
1268 4256 1340 4314 idem

255 4359 367 4416 tertium
385 4359 467 4415 buius
486 4358 559 4416 modi
577 4360 738 4417 imitationis
758 4360 912 4432 exemplum
930 4374 1035 4416 mecum
1055 4337 1277 4430 communicavit3
1304 4359 1339 4414 cf.

253 4461 288 4520 K.
306 4461 337 4518 Ζ.
356 4461 510 4533 XXXVIII,
530 4464 591 4518 287.
