3054 5010
805 323 850 390 64

288 499 365 585 δοιῇ
387 493 473 564 εἶναι
495 497 689 568 derivatum
711 519 792 584 esse,
814 497 905 586 quod
926 519 1053 569 senon
1074 499 1141 567 iam
1162 498 1371 569 intellexisse

286 613 360 702 ipse
381 613 584 703 Apollonius
608 614 863 685 demonstravit.

373 729 506 817 Forma,
545 753 631 821 quae
663 731 808 800 occurrit
831 731 878 816 II,
895 731 957 799 601
982 731 1193 818 παρέθρισαν
1215 734 1300 818 ἄκρα
1316 734 1370 798 κό-

287 852 397 934 ρυμβα
420 849 599 918 referenda
621 849 664 918 ad
685 849 875 936 duddpsoow
902 849 1043 934 (Archil.
1066 848 1108 916 fr.
1133 849 1256 936 138B3
1288 848 1368 917 Eur.
1401 897 1404 903 -

288 962 344 1032 Or.
369 966 448 1053 1283
480 966 602 1035 Aesch.
625 967 691 1055 Ag.
716 965 794 1054 536)
816 969 879 1035 est.
923 965 977 1034 Ne
999 966 1098 1034 huius
1121 966 1254 1056 quidem
1273 966 1371 1035 verbi

287 1079 375 1149 aliae
390 1081 456 1150 nisi
471 1082 590 1150 coristi
608 1083 785 1172 compositi
807 1082 935 1153 formae
955 1082 1107 1151 traditae
1129 1085 1217 1168 sunt,
1243 1104 1328 1172 quae
1350 1104 1370 1150 a

286 1199 397 1285 poetis
427 1203 611 1289 usurpatae
634 1203 722 1285 sunt,
755 1223 783 1269 e.
806 1223 857 1289 gr.
879 1199 942 1283 Qu.
968 1198 1034 1269 Sm.
1057 1199 1119 1285 XI,
1143 1199 1185 1268 53
1208 1198 1369 1287 ὃιέθρισε.

174 1338 267 1424 §25
374 1315 448 1385 Hoc
480 1317 554 1386 loco
585 1318 622 1385 in
651 1341 770 1387 vocum
801 1339 964 1387 novarum
999 1316 1116 1386 ordine
1150 1317 1261 1384 omuia
1292 1322 1373 1385 sunt

287 1433 461 1503 afferenda
492 1435 685 1525 composita,
719 1457 805 1525 quae
839 1435 951 1503 aliena
981 1435 1022 1503 ab
1052 1457 1114 1502 usu
1137 1432 1314 1503 Homerico
1336 1434 1372 1501 in

286 1551 529 1640 Argonauticis
552 1555 749 1638 occurrunt;
783 1551 873 1641 quod
893 1552 1032 1640 longum
1062 1553 1125 1620 est.
1170 1551 1253 1620 (lum
1285 1550 1373 1620 enim

286 1671 394 1740 verba
414 1670 489 1758 ipsa
509 1691 599 1738 nova
620 1691 758 1738 numero
781 1669 913 1738 minora
930 1691 1029 1759 quam
1050 1669 1185 1738 nomina
1206 1668 1373 1758 prodeant

286 1809 397 1875 neque
428 1787 561 1876 pariter
590 1791 694 1876 atque
725 1787 787 1855 illa
817 1787 933 1856 formis
964 1787 1187 1877 amplificatis,
1220 1786 1308 1875 quod
1329 1786 1374 1854 ad

287 1904 427 1993 stirpem
457 1905 616 1992 petinet,
648 1911 827 1990 noventur,
865 1907 981 1974 tanen
1012 1928 1085 1972 cum
1117 1926 1247 1992 semper
1277 1903 1374 1973 novis

287 2020 413 2089 additis
445 2021 639 2111 compositis
677 2025 823 2110 augetur
856 2024 1035 2092 verborum
1069 2022 1174 2110 copia,
1207 2023 1281 2089 tum
1312 2020 1374 2088 illa

287 2136 492 2205 Graecorum
513 2138 650 2227 linguae
678 2141 803 2224 aetate,
835 2162 901 2227 qua
930 2138 1068 2207 ineunte
1090 2137 1292 2227 Apollonius
1313 2136 1373 2204 flo-

286 2256 386 2322 rebat
393 2254 426 2342 1).
472 2255 547 2339 Quo
563 2255 692 2323 factum
708 2259 770 2341 est,
794 2258 843 2342 ut,
868 2255 1015 2324 siverba
1029 2255 1216 2345 composita
1230 2257 1372 2344 spectes,

286 2392 489 2460 magnopere
522 2374 565 2440 ab
597 2371 743 2441 Homero
777 2372 836 2440 ille
870 2373 1086 2462 discreparet.
1131 2371 1198 2455 Qui
1231 2394 1306 2439 cum
1337 2371 1372 2438 in

286 2488 479 2558 universum
490 2490 661 2578 permulta
672 2490 858 2579 composita
870 2489 1158 2559 adhibuit-sunt
1170 2488 1214 2556 ad
1225 2487 1370 2574 7603-

285 2608 358 2672 tum
381 2606 494 2675 aliena
515 2609 558 2675 ab
584 2630 648 2675 usu
669 2607 847 2675 Homerico
870 2607 935 2674 304
957 2607 1089 2696 (40⁰l0),
1123 2629 1164 2674 ex
1186 2606 1306 2695 quibus
1328 2607 1373 2674 ab

285 2723 358 2811 ipso
376 2727 479 2811 poeta
495 2724 560 2791 160
574 2727 700 2792 novata
715 2728 796 2793 sunt
811 2723 944 2812 (21010).
988 2724 1037 2792 Ut
1054 2726 1168 2792 autem
1185 2723 1276 2791 inter
1290 2723 1373 2792 haec

288 2840 352 2908 160
372 2864 447 2909 oum
468 2841 773 2930 praepositionibus
794 2842 981 2931 composita
995 2844 1100 2910 verba
1120 2842 1281 2931 pleraque
1303 2841 1371 2909 sint

288 2956 382 3045 epira
402 2958 459 3026 vel
481 2957 623 3046 poetica,
658 2982 699 3026 ex
721 2959 772 3026 rei
792 2965 916 3027 natura
944 2958 1107 3047 sequitur.
1151 2957 1224 3042 Quo
1248 2981 1290 3026 ex
1311 2981 1371 3024 nu-

287 3097 378 3142 mero
402 3075 538 3163 singula
560 3075 663 3165 digne
685 3098 771 3165 quae
794 3078 986 3145 tractentur
1010 3075 1169 3144 videntur
1191 3097 1272 3144 esse.

375 3189 457 3258 Cum
479 3190 667 3261 Schmidius
685 3193 805 3282 (Attio.
821 3192 884 3278 IV,
901 3217 933 3282 p.
948 3193 1014 3261 711
1026 3194 1083 3280 ss.)
1105 3191 1370 3282 praepositiones

288 3311 336 3387 εἰς
352 3311 387 3375 et
402 3308 482 3394 pessi
498 3299 687 3398 posteriore
705 3312 821 3378 aetate
837 3333 910 3377 oum
924 3309 1036 3378 verbis
1050 3309 1141 3377 haud
1155 3309 1271 3376 multis
1295 3332 1370 3376 con-

287 3425 419 3493 iunctas
443 3448 515 3494 esse
538 3425 809 3513 demonstrasset,
834 3427 973 3496 eundem
996 3428 1048 3494 rei
1069 3449 1282 3516 progressum
1304 3425 1370 3492 iam

289 3541 559 3610 antechristum
582 3544 737 3631 cognosci
759 3566 855 3632 posse
873 3543 1085 3611 confirmavit
1099 3542 1275 3630 Meyserus
1299 3540 1370 3628 (1.1.

287 3681 320 3748 p.
343 3659 436 3747 497);
483 3660 543 3747 „In
577 3659 801 3729 auffallender
822 3659 936 3729 Weise
965 3663 1082 3728 treten
1110 3680 1220 3748 gagen
1252 3656 1370 3724 frliher

290 3842 494 3854 μ-

378 3953 405 4022 1)
424 3951 458 4006 cl.
478 3966 519 4020 ea,
549 3965 623 4019 quae=
639 3951 791 4022 Mayserus,
819 3951 910 4007 Gran.
930 3949 956 4006 d.
975 3951 1042 4019 Pap.
1067 3966 1094 4019 p.
1113 3951 1197 4004 496s.
1225 3947 1369 4017 congessit.

377 4052 406 4122 2)
426 4051 523 4120 quibus
557 4051 686 4120 numeris,
718 4052 820 4122 quippe
845 4052 893 4122 qui
915 4050 1069 4107 Welleueri
1095 4048 1184 4105 indice
1208 4048 1370 4118 innitantur,

291 4167 432 4223 summam,
459 4168 540 4224 quam
558 4169 593 4209 ne
611 4169 655 4210 res
681 4152 790 4222 quidem
815 4153 946 4224 postulat,
972 4151 1154 4209 subtilitatem
1177 4166 1238 4208 esse
1261 4149 1371 4206 minine

289 4252 458 4311 contendam.
