3054 5010
786 375 815 440 4.

349 552 451 636 βρίμη
465 549 498 617 h.
517 547 685 632 XXVIII,
711 549 767 635 10;
791 548 854 632 IV,
876 548 961 616 1677
985 546 1100 615 eodem
1116 568 1235 615 versus
1250 545 1341 633 loco,

345 667 499 752 ἐγκλιδόν
521 666 553 733 h.
578 665 712 751 XXIII,
736 666 772 752 33
796 665 824 750 I,
848 666 931 753 790,
955 663 1022 750 ΙΠ,
1047 663 1148 751 1008,

344 785 550 851 πολυπότνια
572 782 604 850 h.
629 781 706 851 Cer.
729 783 809 870 210;
832 782 899 870 Ap.
922 781 950 867 I,
975 781 1060 848 1123
1084 781 1128 848 al.

343 900 556 990 Empedoclis
585 922 717 989 quoque
739 899 932 988 philosophi
964 897 1113 986 vestigia
1141 896 1341 986 Apollonius

258 1018 396 1107 pressit.
450 1017 588 1107 Emped.
622 1017 664 1085 fr.
698 1017 805 1084 1381)
836 1022 947 1106 χαλκῷ
978 1016 1043 1083 ιἀιὸ
1075 1017 1185 1100 ψυχὴν
1217 1014 1343 1101 άράσας

257 1135 356 1224 (quae
378 1137 485 1203 verba
506 1134 706 1203 Kinclrelius
729 1158 761 1224 p.
785 1135 827 1201 72
849 1134 942 1202 inter
963 1133 1114 1202 incertae
1137 1132 1226 1200 sedis
1248 1131 1342 1220 frag·

260 1255 375 1320 menta
396 1253 516 1339 affert;
541 1251 600 1319 sed
621 1250 663 1319 cf.
679 1250 817 1340 Emped.
834 1251 879 1318 ir.
898 1249 983 1338 143).
1028 1249 1231 1338 Apollonius
1255 1249 1349 1316 enim¹

259 1391 332 1438 cum
355 1368 522 1454 111‚1015
544 1368 696 1437 Medeam
718 1367 879 1437 libentem
901 1367 1015 1437 Iasoni
1038 1367 1067 1434 si
1089 1365 1342 1456 postulavisset,

259 1486 406 1554 animum
428 1484 628 1554 donaturam
650 1485 754 1554 fuisse
778 1485 877 1555 dicit:

344 1607 403 1671 καί
421 1605 466 1670 νύ
488 1603 527 1670 κέ
549 1605 584 1672 oi
603 1601 658 1670 acl
681 1613 792 1671 ιιάσαν
814 1602 879 1670 ἀπὸ
903 1602 1057 1691 σιηδέοιν
1079 1603 1230 1689 ἀρύσασα

345 1721 456 1806 ψνχην
479 1719 682 1806 ἐγγυάλιξεν,

257 1836 350 1903 illius
372 1838 480 1905 verba
500 1836 584 1924 quin
606 1834 775 1924 exprimat
795 1835 886 1903 haud
908 1834 1043 1902 dubium
1066 1835 1211 1903 videtur.
1253 1835 1343 1903 Aliis

258 1975 391 2042 qnoque
420 1953 624 2021 testimoniis
648 1952 866 2042 Apollonium
886 1950 1098 2041 Empedoclis
1131 1955 1192 2039 ἔνη
1221 1953 1344 2040 legisse

259 2073 295 2138 et
325 2092 507 2158 usurpasse
539 2071 791 2158 comprobatur:
832 2068 928 2158 Emp.
960 2069 1004 2137 fr.
1035 2069 1142 2137 1361)
1174 2070 1345 2156 ἀκηδείησι

258 2191 352 2254 νόοιο
377 2218 418 2244 =
441 2187 507 2275 Ap.
530 2186 595 2253 Rh.
619 2186 684 2270 HI,
708 2187 788 2271 2983
812 2185 854 2253 fr.
878 2187 920 2253 35
937 2214 978 2248 ω
994 2185 1056 2272 IV,
1080 2187 1144 2254 676
1158 2209 1205 2272 ss,
1229 2186 1345 2255 eodem

260 2326 381 2373 versus
404 2303 476 2371 loco
499 2305 672 2392 ponuntur
688 2303 853 2372 vocabula
868 2304 1046 2389 μετάρσιον
1069 2303 1192 2390 (1235,
1214 2303 1253 2389 93
1276 2303 1343 2388 III,

261 2420 377 2508 1263);
403 2423 560 2506 σεληναίη
583 2420 636 2510 (fr.
660 2421 713 2505 43,
738 2422 776 2507 13
800 2419 864 2504 IV,
888 2420 983 2507 264),
1008 2420 1100 2506 βάξις
1123 2420 1180 2508 (fr.
1205 2421 1278 2505 112,
1303 2420 1344 2485 11

261 2537 508 2624 sebastopolim
532 2537 595 2621 IV,
622 2538 708 2604 1184
722 2537 885 2624 νημερτέα
901 2536 1021 2623 βάξιν),
1046 2559 1131 2627 quae
1154 2539 1264 2605 omnia
1277 2559 1346 2605 non

262 2656 342 2722 sunt
364 2654 543 2723 Homerica
565 2655 619 2744 (cf.
643 2678 675 2742 p.
700 2655 742 2721 35
765 2656 801 2722 et
822 2654 888 2742 47).

348 2771 402 2838 Ex
417 2770 557 2839 Eumelo
573 2771 694 2838 deinde
717 2769 813 2837 illum
837 2770 1017 2859 sumpsisse
1032 2793 1099 2838 non
1118 2771 1226 2840 solum
1240 2773 1346 2840 verba

262 2888 321 2956 sed
337 2887 440 2955 etiam
455 2909 573 2955 versus
591 2885 771 2954 nonnullos
788 2867 1032 2954 animadvertit
1047 2886 1147 2955 schol.
1163 2887 1345 2972 11113732

261 3002 359 3083 οὗτος
388 3002 443 3070 καὶ
473 3004 510 3072 cl
536 3003 609 3090 ἑξῆς
638 3006 744 3090 σιίχοι
774 3002 965 3089 εἰλημμένοι
987 3002 1052 3071 είσλ
1075 3004 1148 3092 παρ’
1174 3005 1346 3092 Εὐμήλου,

262 3121 339 3206 παρ’
364 3114 389 3209 ᾦ
413 3139 494 3206 φησι
514 3123 644 3206 Μήδεια
666 3122 751 3206 πρὸς
772 3123 908 3205 Ἴδμονα
924 3120 1014 3208 (Par.
1031 3121 1194 3209 Ἰάσωνα),
1219 3127 1347 3210 quanta

262 3243 376 3306 autem
389 3238 443 3306 bis
458 3239 570 3308 verbis
586 3238 739 3306 habenda
753 3238 837 3306 fides
854 3239 908 3321 sit,
933 3239 1111 3306 diiudicari
1133 3262 1200 3307 non
1222 3242 1346 3327 potest,

261 3356 465 3443 praesertim
492 3379 565 3423 cum
584 3379 602 3423 e
620 3355 762 3444 reliquis
784 3355 919 3424 Eumeli
943 3356 1146 3444 fragmentis
1165 3357 1347 3426 rarissimis

262 3495 364 3573 unum
386 3475 519 3541 tantum
542 3473 650 3541 locum
667 3472 850 3561 Apollonio
875 3473 1015 3542 similem
1037 3474 1226 3544 videamus:
1249 3474 1346 3542 Eum.

268 3589 313 3657 fr.
337 3589 426 3656 28Κ
449 3591 467 3657 6
491 3590 520 3656 δ’
546 3593 645 3679 ᾤχετο
668 3592 816 3678 Κολχίδα
838 3602 937 3675 ναίαν
969 3593 1006 3659 et
1028 3591 1094 3681 Ap.
1117 3593 1148 3678 I,
1173 3592 1236 3660 174
1265 3593 1348 3678 μέγα

264 3705 293 3772 δ’
321 3707 389 3773 λειο
413 3709 560 3792 Κολχίδα
583 3719 692 3792 μαῖαν.
737 3706 856 3796 Neque
878 3707 985 3795 magis
1009 3708 1184 3797 probabile
1207 3711 1260 3776 est
1281 3707 1348 3797 Ap.

264 3845 337 3890 cum
360 3823 406 3903 ΙΙ,
430 3824 493 3893 606
517 3820 583 3892 εὖτ’
608 3826 650 3890 aa
674 3849 723 3903 τις
747 3826 829 3892 ἰδὼν
852 3826 907 3890 διά
928 3824 984 3911 νηὶ
1018 3829 1145 3912 ιιερηση
1175 3825 1347 3911 scriberet,

262 3938 451 4007 meminisse
472 3939 658 4028 Panyassis
689 3942 871 4008 verborum
893 3941 937 4008 fr.
962 3943 1003 4009 15
1034 3950 1132 4022 θοοῖς
1162 3944 1217 4009 διδι
1247 3941 1349 4011 ποσσὶ

262 4059 409 4142 περήσας
420 4055 475 4144 (cf.
487 4056 515 4140 I,
531 4057 574 4145 9).
604 4057 733 4126 Maiore
749 4061 863 4127 autem
877 4059 1122 4148 probabilitate
1136 4059 1200 4129 hoc
1214 4063 1349 4129 conten·

263 4172 373 4242 dimus
396 4171 593 4243 Antimachi
624 4197 755 4265 quoque
784 4176 932 4265 vestigia
952 4175 1173 4266 Apollonium
1198 4180 1351 4247 secutum
