3054 5010
605 343 781 444 ἐι

219 552 281 622 181
305 553 454 622 dixerat:
479 552 742 639 ἀποκλινομένης
765 550 802 619 dt
822 560 881 638 τῆς
901 551 1034 639 ἡμέρας,
1066 573 1141 620 cum
1162 548 1300 619 Aristo·

218 671 303 739 telos
326 674 362 739 et
384 670 547 760 Xenopho
570 669 632 738 illa
654 670 710 739 via
733 668 977 737 recentioribus
1000 669 1199 758 praeissent.

305 787 417 856 Media
445 787 565 855 deindo
598 809 661 877 pro
692 786 812 855 activis
842 785 955 875 posita
985 786 1015 854 si
1043 787 1300 875 perscrutamur
1341 782 1414 868 §a

217 906 279 975 hoc
308 906 445 994 dignum
475 928 547 974 esse
582 904 669 994 quod
698 904 993 973 animadvertatur
1024 903 1169 988 videtur,
1210 904 1300 992 quod

218 1024 284 1114 Ap.
302 1046 501 1113 quamquam
516 1022 723 1092 Graecorum
744 1023 881 1110 linguae
903 1023 939 1089 in
960 1022 1078 1090 mediis
1101 1022 1299 1091 adhibendis

219 1164 345 1211 summe
368 1145 443 1210 erat
464 1141 611 1220 licentia,
643 1144 758 1209 tamen
781 1141 913 1208 omnino
936 1163 1004 1208 non
1026 1140 1141 1208 multis
1165 1143 1208 1210 ab
1229 1139 1299 1207 Ηο-

88 1251 90 1255 ’
218 1283 310 1329 mero
334 1259 452 1328 alienis
476 1258 589 1327 verbis
613 1258 730 1326 modiis
752 1279 833 1326 usus
850 1260 911 1326 est.
957 1257 1012 1324 Ex
1034 1258 1154 1347 quibus
1177 1259 1299 1327 usitati

219 1377 380 1447 sermonis
415 1379 516 1445 erant
548 1375 658 1443 medie
689 1377 866 1444 verborum
902 1375 999 1442 αίτέτο
1031 1375 1090 1463 (ΙΙ,
1113 1375 1190 1461 486,
1213 1376 1301 1464 951),

218 1497 314 1562 τείνω
337 1494 490 1580 (crebro),
515 1494 700 1580 φαρμάσσω
713 1493 791 1581 (ΙΠ,
808 1493 894 1580 859),
918 1492 1043 1580 perator
1066 1493 1107 1582 (Ι,
1124 1493 1218 1582 724)ι
1242 1519 1299 1560 κα-

218 1615 354 1680 νόνεσσι
378 1612 436 1678 dois
459 1612 540 1696 ζυγὰ
560 1615 805 1697 μετρήσασθαι;
837 1609 926 1678 unde
949 1610 1156 1679 recentiores
1179 1614 1302 1700 poetae

217 1729 362 1797 medium
383 1731 584 1817 receperunt
613 1750 674 1817 pro
698 1749 736 1797 eo
761 1750 891 1816 quoque
915 1726 1003 1816 quod
1024 1725 1170 1796 Homero
1193 1727 1300 1816 Apol·

217 1846 375 1935 Ionioque
409 1849 463 1915 est
496 1844 648 1932 πέλανος,
682 1846 745 1911 ἅλα
778 1855 928 1932 μετρεῑνε
962 1843 1087 1913 Mosch.
1119 1845 1201 1932 Εύρ.
1235 1845 1299 1913 157
1389 1927 1391 1930 ,

219 1964 297 2053 (quo
312 1964 348 2030 in
364 1963 509 2031 carmine
524 1985 624 2052 saepe
635 1962 855 2052 Apollonium
869 1961 1023 2030 imitatus
1039 1963 1104 2050 est)
1119 1966 1222 2050 τόσην
1238 1964 1300 2031 aaa

217 2084 460 2168 μετρήσασθαι,
490 2081 592 2176 Dion.¹
610 2080 687 2148 Per.
708 2080 771 2146 716
808 2082 937 2166 πολλὴν
971 2081 1034 2146 ἅλα
1057 2084 1301 2167 μετρήσασθαι.

218 2197 353 2282 Videas,
367 2201 562 2286 quambene
573 2197 700 2266 talibus
712 2197 828 2265 formis
841 2219 958 2265 versus
971 2197 1181 2283 claudantur,
1194 2221 1302 2288 neque

219 2314 431 2400 dubiumst,
455 2316 536 2404 quin
552 2337 592 2383 ea
607 2315 648 2383 de
664 2336 764 2382 causa
785 2315 895 2404 poetis
917 2336 1121 2404 magnopore
1144 2318 1302 2405 acceptae

216 2453 463 2522 nonnumquam
504 2433 624 2501 activis
662 2432 837 2522 praelatae
869 2433 939 2499 sint
977 2432 1073 2500 nulla
1112 2433 1302 2502 sententiae

218 2549 349 2618 ratione
381 2548 483 2618 facte.
531 2549 599 2618 Cur
630 2550 717 2618 enim
750 2551 952 2640 Apollonius
984 2551 1011 2636 Ι,
1035 2552 1077 2618 83
1109 2553 1219 2640 Λιβύῃ
1251 2555 1301 2619 ἔνι

217 2669 424 2755 ταρχύσαντο
457 2671 493 2736 et
515 2667 577 2752 IV,
603 2668 688 2736 1500
719 2672 797 2758 χαίρ
828 2671 856 2736 δ’
882 2672 932 2736 ἔνι
954 2672 1161 2756 ταρχύσαντο
1190 2669 1298 2738 medio

217 2784 309 2853 vocis
332 2786 488 2872 ταρχύειν
520 2808 600 2854 usus
631 2793 682 2854 est
710 2787 778 2855 nisi
800 2788 841 2854 ob
864 2787 959 2855 illam
992 2787 1147 2856 oausam?
1176 2787 1298 2874 (Noun.

217 2902 259 2970 D.
283 2901 456 2972 XXXVII
478 2903 536 2990 965
560 2903 621 2971 ofs.
645 2903 707 2986 Qu.
723 2903 789 2972 Sm.
806 2904 868 2990 XI,
885 2905 927 2971 65
952 2908 1103 2992 τρίαιναν
1120 2905 1168 2971 ἐπ’
1187 2907 1302 2992 ἰχθύσι

217 3019 449 3106 ναμήσασθαι)
472 3059 515 3069 -
537 3020 627 3089 haud
659 3021 761 3089 aliter
791 3044 830 3089 ao
862 3023 892 3090 si
913 3023 1031 3090 Latini
1057 3024 1180 3111 poetae
1201 3022 1302 3090 metri

218 3159 319 3206 eausa
342 3137 489 3227 perfecti
510 3137 716 3208 infinitivum
725 3164 794 3228 pro
810 3141 998 3230 praesentis
1021 3143 1195 3228 usurpant.
1241 3139 1300 3208 Ce-

216 3258 328 3323 terum
358 3254 420 3323 hoc
450 3277 582 3345 quoque
612 3256 823 3327 demonstrat
852 3257 1053 3326 facultatem
1085 3256 1299 3342 diiudicandi‚

217 3371 298 3460 quid
320 3371 459 3440 valeant
490 3373 586 3441 verbi
616 3395 749 3460 genero,
782 3374 850 3442 iam
877 3373 939 3442 illa
970 3377 1084 3443 aetate
1114 3375 1300 3445 evanuisse.

216 3489 397 3578 Epicurum
429 3493 542 3558 eutem
563 3513 683 3559 vocum
713 3495 892 3559 κτεατίσσω
916 3495 952 3559 et
975 3493 1138 3574 σκοπιύζω
1170 3492 1302 3560 formae

216 3607 263 3692 ΙΙ,
280 3608 344 3675 788
366 3611 577 3676 κτεατίσσατο
598 3609 752 3695 (Theocr.
769 3616 872 3678 Πτολ.
890 3611 954 3678 105
978 3610 1093 3679 eodem
1115 3612 1188 3679 loco
1211 3635 1301 3678 κτεα-

216 3724 357 3813 τίζεται),
381 3725 428 3810 Π,
445 3725 509 3792 918
526 3727 718 3808 σκοπιάζετο
742 3737 806 3813 νῆα
822 3728 974 3813 (Theocr.
992 3732 1111 3814 Κῶμος
1125 3729 1193 3814 26),
1218 3751 1300 3817 quas

216 3843 420 3912 recentiores
466 3865 596 3932 quoquo
642 3844 879 3930 adhibuerunt,
925 3845 1083 3934 analogia
1120 3848 1301 3914 verborum

216 3957 355 4043 κτύομαι
378 3961 416 4026 et
438 3959 620 4046 σκέπτομαι
642 3961 699 4030 vel
722 3972 908 4048 σκοποῦμαι
934 3964 1073 4030 exortae
1096 3964 1185 4030 sunt.
1232 3960 1298 4030 Ve-

216 4095 290 4141 ram
313 4074 454 4164 donique
476 4075 577 4145 medii
592 4077 661 4146 vim
682 4077 748 4160 ΙΠ,
769 4078 853 4146 1032
878 4080 1064 4164 ὀρύξασθαι
1086 4078 1200 4164 habet,
1224 4102 1298 4147 oum

216 4190 244 4276 Ι,
267 4190 332 4258 375
364 4192 562 4279 στορέσαντο
586 4194 749 4282 explicari
771 4218 838 4263 non
859 4196 983 4284 possit;
1016 4195 1156 4264 Theoor.
1177 4194 1236 4263 Ὑί..
1250 4197 1292 4263 33

217 4309 417 4396 στορέσαντο
444 4309 527 4398 „sibi
551 4312 779 4383 straverunt“.
