3054 5010
717 313 758 379 35

286 485 436 556 Verbum
459 491 598 573 ἀιμαίνω
621 487 668 574 (Λ
679 472 749 555 685‘
758 491 900 574 κήρυκες
915 487 1136 575 λιμαόνονσιν)
1160 510 1180 556 a
1199 511 1281 557 voce

197 602 342 671 humana
364 604 570 672 translatum
594 606 648 672 est
670 604 714 672 ad
735 605 833 693 lyrae
849 628 981 673 sonum:
1006 605 1033 689 Ι,
1049 605 1115 672 740
1134 605 1282 692 Ἀμφίων

199 719 324 808 χρυσέη
348 723 509 807 φόρμιγγι
532 723 700 806 λιγαίνων.

285 843 367 904 κάἄν
390 840 490 905 νόοντ
523 837 585 919 IV,
610 838 695 905 1078
717 839 836 925 κούρη·
859 839 941 904 κατά
962 864 1019 925 μοι
1041 841 1124 905 νόον
1146 841 1284 905 ἔκλασεν

199 951 374 1038 ἀντιόωσα,
397 954 456 1022 ubi
471 954 636 1022 ἀντιόωσα
651 954 811 1044 precandi
826 954 1037 1044 supplicandi
1059 955 1283 1044 significatum

197 1069 310 1155 habet,
343 1073 384 1138 ut
414 1070 491 1138 aliis
525 1093 655 1161 quoque
685 1071 779 1139 locis.
826 1071 909 1140 Cum
932 1071 1018 1139 enim
1048 1071 1138 1160 apud
1159 1072 1282 1140 Home-

198 1209 271 1254 rum
294 1188 399 1256 verba
423 1188 548 1256 ἀντιόω
572 1188 752 1275 ἀντιβολέω
775 1191 914 1275 ἀντομαι
936 1188 1021 1256 nihil
1051 1189 1118 1255 nisi
1150 1189 1283 1257 obviam

199 1327 248 1390 eo,
269 1304 379 1373 incido
404 1305 604 1393 significent,
626 1309 747 1395 postea
768 1308 909 1375 verbum
925 1306 1106 1393 ἀντιβοάέω
1130 1307 1281 1375 omnibus

197 1420 362 1489 usitatum
374 1421 578 1512 implorandi
593 1423 765 1490 notionem
776 1424 915 1512 accepit,
931 1426 972 1491 ut
984 1445 1005 1491 a
1016 1423 1150 1492 Latinis
1167 1424 1283 1491 eodem

199 1560 272 1605 cum
294 1560 394 1607 sensu
418 1539 521 1623 adire,
546 1539 683 1608 anobis
717 1540 906 1628 „angehan“
932 1539 1074 1627 dicitur;
1104 1540 1156 1608 ita
1177 1540 1283 1628 Apol-

198 1652 308 1722 lonius
324 1676 455 1744 quoque
479 1678 578 1745 saepe
589 1656 630 1742 (e.
643 1679 693 1745 gr.
706 1657 771 1741 ΠΙ,
786 1657 862 1745 179)
877 1657 939 1725 illa
959 1657 1099 1726 notione
1120 1681 1202 1740 usus
1219 1635 1281 1726 est.

285 1771 394 1840 Verbi
416 1778 529 1841 autem
545 1775 684 1859 ἀντομαι
700 1774 934 1863 metaphoram
956 1775 1095 1862 primus,
1120 1774 1209 1863 quod
1223 1797 1282 1842 nos

199 1887 332 1976 quidem
346 1887 528 1974 videamus,
546 1888 747 1956 adhibuerat
762 1889 981 1978 Empedocles
997 1890 1041 1957 fr.
1058 1891 1088 1976 4,
1101 1891 1171 1974 41),
1189 1891 1282 1958 ouius

134 2000 136 2005 ’
198 2004 347 2092 vestigia
360 2004 581 2094 Apollonium
604 2013 753 2074 secutum
770 2029 843 2074 esse
859 2029 963 2095 supra
979 2007 1282 2076 demonstravimus

199 2121 243 2208 (p.
255 2121 307 2209 4);
330 2122 403 2209 ipse
415 2121 503 2189 dixit
517 2144 545 2189 e.
557 2145 609 2211 gr.
622 2123 685 2208 IV,
700 2124 785 2192 1096
797 2125 842 2202 ὣς
853 2124 943 2210 ἔφατ’
959 2123 1133 2210 ἀντομένη.
1156 2123 1284 2191 Eadem

199 2236 319 2305 deinde
336 2237 471 2306 ratione
486 2239 593 2306 tertio
612 2261 742 2327 quoque
756 2241 869 2324 verbo,
890 2240 1022 2325 ἀντιόω,
1039 2239 1199 2328 precandi
1214 2241 1283 2328 sig-

199 2352 370 2421 nificatum
389 2355 453 2443 Ap.
476 2355 579 2423 dedit.
620 2356 829 2445 Quamquam
854 2359 968 2424 autem
992 2380 1072 2424 usus
1099 2359 1279 2426 verborum

199 2471 338 2555 ἄντομαι
367 2475 404 2540 et
430 2472 569 2554 ἀντιάζω
592 2472 679 2541 idem
704 2473 881 2561 permultis
904 2474 1113 2561 tragicorum
1129 2469 1211 2542 locis
1227 2497 1281 2542 ex·

198 2589 279 2672 stat,
296 2589 411 2656 tamen
427 2589 600 2677 quominus
616 2588 753 2657 illorum
765 2590 974 2658 auctoritate
988 2597 1124 2680 poetam
1140 2590 1283 2658 adstric-

197 2706 271 2771 tum
295 2726 368 2773 esse
391 2705 575 2791 credamus,
599 2707 830 2774 testimonium
851 2707 993 2796 impedit
1015 2707 1282 2796 Empedocleum.

199 2819 273 2903 Qua
304 2844 344 2890 re
377 2823 516 2892 adducti
538 2824 615 2892 aliis
639 2847 770 2913 quoque
792 2824 874 2893 locis
898 2825 956 2892 ubi
978 2824 1153 2913 Apollonii
1176 2846 1282 2892 sermo

198 2936 242 3004 ad
262 2938 431 3027 tragicum
452 2942 634 3030 tantopere
663 2940 802 3024 accedit,
836 2941 974 3030 utrique
1004 2943 1132 3030 epicum
1154 2942 1283 3008 fontem

199 3057 350 3124 exstasse
367 3057 493 3146 optimo
508 3058 584 3125 iure
606 3059 770 3146 ponimus,
794 3059 851 3142 sio,
874 3061 915 3125 ut
930 3059 1117 3147 exemplum
1132 3059 1281 3142 afferam,

199 3173 229 3240 si
256 3197 354 3242 usum
382 3175 478 3242 verbi
507 3177 643 3262 χάζομαι
671 3175 876 3265 respicimus.
922 3175 1020 3258 Quod
1048 3197 1121 3242 cum
1151 3175 1282 3243 omnino

198 3291 295 3360 Hom.
319 3295 355 3360 et
378 3291 443 3381 Ap.
460 3290 575 3359 eodem
590 3291 687 3359 modo
701 3315 765 3381 pro
782 3315 820 3359 eo
837 3291 926 3380 quod
942 3295 996 3360 est
1009 3292 1167 3360 recedere
1188 3315 1283 3360 usur·

198 3409 371 3496 paverint,
414 3408 486 3478 sive
520 3408 674 3478 absolute
708 3409 835 3477 dictum
869 3409 914 3497 (E
933 3410 1013 3494 7023
1049 3409 1076 3492 Ι,
1100 3409 1176 3496 841)
1211 3409 1282 3477 sive
1378 3451 1379 3455 =

199 3548 271 3593 cum
294 3525 453 3614 genetivo
477 3527 690 3594 coniunctum
713 3526 760 3593 sit
782 3525 833 3614 (Ν
845 3525 923 3612 153;
947 3525 1012 3609 ΠΙ,
1038 3525 1145 3611 1320),
1169 3529 1284 3594 tamen

197 3641 258 3726 lv,
283 3643 347 3710 190
375 3641 489 3728 μηκέτι
512 3653 576 3710 νῦν
598 3644 738 3728 χάζεσθε
762 3647 857 3728 φίλοι
878 3643 1046 3731 πάτρηνδε
1068 3641 1206 3708 νέεσθαι
1236 3642 1284 3709 sic

199 3760 515 3848 interpretabimur:
546 3759 652 3856 nolite
682 3759 749 3826 iam
778 3759 941 3843 cunctari,
972 3759 1052 3847 quin
1075 3757 1208 3826 domum
1229 3779 1284 3825 re-

198 3875 399 3964 vertamiui;
424 3875 471 3945 sic
493 3879 607 3945 autem
628 3876 770 3964 legimus
794 3877 876 3945 Eur.
900 3875 957 3944 Or.
981 3875 1067 3942 1114
1090 3874 1142 3953 ng
1163 3883 1284 3942 θανεῖν

199 3995 240 4061 οὐ
261 3995 408 4080 χάζομαι.

285 4110 337 4179 At
364 4110 586 4199 Euripideum
609 4133 793 4179 sermonem
824 4109 939 4198 aliqua
959 4108 1090 4176 ratione
1113 4107 1156 4176 ad
1178 4107 1283 4196 Apol·

200 4227 327 4298 lonium
346 4228 415 4300 vim
430 4228 587 4297 habuisse
603 4251 644 4297 ex
658 4251 722 4296 usu
737 4227 834 4296 verbi
848 4228 1045 4314 μνηστεύειν
1060 4224 1281 4314 cognoscitur.

1028 4345 1049 4414 3
1058 4347 1074 4386 *
