3054 5010
852 337 895 404 50

330 515 351 581 a
373 513 516 598 γατόμος
547 509 705 580 derivata
733 509 865 598 tragico
896 509 1051 594 sermoni,
1082 531 1123 577 ex
1145 532 1211 598 quo
1233 509 1414 580 hauriebat

328 628 517 719 Lycophro,
540 630 625 697 bene
640 627 840 718 respondet:
863 629 1007 712 γατόμος
1029 631 1200 696 servatum
1222 629 1276 696 est
1290 624 1412 695 Aesch.

327 744 372 814 fr.
398 745 471 831 196,
494 746 514 812 3
544 745 584 813 ἵν’
611 744 677 814 οὔτ’
703 747 846 831 ἄροτρον
876 745 952 812 οὔτε
975 746 1119 830 ματόμος
1148 743 1257 829 τέμνει
1291 745 1412 810 δόκείἰ’

327 864 486 950 ἄρουραν.
529 861 721 930 Dorismum
739 860 848 949 igitur
863 861 918 929 hic
933 860 1069 928 admisit
1084 863 1196 950 poeta,
1213 880 1412 950 quamquam

326 978 483 1047 universe
511 977 763 1046 accuratissime
795 977 951 1046 evitavit.
1009 976 1173 1045 Fortasse
1203 981 1316 1045 autem
1347 976 1412 1044 huc

255 1098 258 1104 ’
326 1095 507 1164 referende
530 1099 584 1164 est
610 1118 678 1164 vox
701 1097 896 1182 ἀμεύσιμον,
927 1116 1026 1184 quam
1048 1094 1249 1163 Ruhnkenic
1272 1096 1411 1163 auctore

325 1215 526 1303 receperunt
564 1211 712 1281 editores
748 1211 811 1296 IV,
835 1212 900 1281 297
938 1212 1002 1299 ὅπῃ
1039 1211 1094 1280 καί
1131 1213 1315 1298 ἀμεύσιμον
1353 1206 1412 1296 ἦεν

326 1353 389 1419 pro
423 1329 496 1397 cdd.
529 1330 701 1418 scriptura
736 1330 800 1416 ὅκῃ
833 1328 888 1396 καί
922 1333 1087 1416 μόρσιμον
1118 1325 1186 1415 ἦεν,
1225 1351 1267 1396 ex
1295 1327 1411 1416 Etym.

325 1446 444 1534 ligno,
468 1445 558 1535 quod
580 1446 610 1514 si
631 1448 760 1515 rectum
782 1448 842 1530 est,
868 1446 1025 1534 congruit
1045 1470 1111 1515 vox
1134 1468 1208 1514 cum
1221 1443 1411 1512 Pindaricis

327 1562 497 1649 duedeffl)
534 1561 638 1650 Pyth.
669 1563 702 1646 I,
725 1564 768 1631 86
806 1565 842 1630 et
877 1563 1100 1648 &mesoleucos
1135 1561 1240 1650 Pyth.
1269 1561 1336 1646 XI,
1359 1561 1411 1628 58.

326 1678 424 1763 Quod
457 1682 571 1748 autem
604 1680 632 1764 I,
656 1680 730 1764 820,
763 1679 865 1760 1001;
897 1680 960 1766 IV,
983 1680 1047 1748 164
1081 1682 1188 1747 εἰσόκε
1221 1701 1295 1746 cum
1325 1677 1411 1745 indi·

328 1796 440 1864 cativo
477 1796 690 1865 coniunctum
728 1799 858 1880 exstat,
902 1796 992 1863 haud
1030 1796 1132 1865 aliter
1170 1798 1272 1884 atque
1306 1796 1413 1861 εἰσότε

329 1912 377 1997 Π,
397 1912 471 1997 857,
494 1912 558 1997 IV,
581 1913 656 1995 800,
682 1912 776 1979 1212.
821 1913 1040 2001 Apollonium
1062 1917 1176 1981 autem
1197 1936 1265 1981 non
1287 1910 1328 1980 de
1352 1933 1411 1978 suc

328 2027 414 2096 hanc
446 2028 674 2098 confusionem
704 2029 864 2114 effecisse,
900 2029 959 2098 sed
982 2028 1222 2098 Callimachum
1253 2027 1327 2116 (IV,
1348 2027 1412 2097 150

326 2147 434 2212 εἰσόκε
452 2144 615 2232 ἐκέκλετο)
639 2148 789 2213 secutum
811 2167 883 2213 esse
901 2140 1086 2214 verisimile
1102 2148 1171 2230 est;
1195 2167 1293 2233 quem
1314 2167 1412 2213 usum

325 2261 613 2332 Wilamcwitzius
629 2261 693 2349 (ed.
709 2262 817 2352 praef.
837 2286 868 2352 p.
885 2263 907 2329 8
922 2261 1012 2349 adn.)
1034 2261 1118 2331 dicit
1132 2261 1280 2330 confusis
1297 2262 1411 2330 dorico

327 2378 387 2444 ὅκα
410 2409 450 2435 =
475 2379 529 2446 ὅτε
551 2381 587 2446 et
601 2379 777 2448 Homerico
802 2381 857 2446 ὅκε
881 2410 921 2437 =
946 2381 963 2446 ὃ
987 2382 1028 2446 ἄν
1052 2410 1092 2437 =
1117 2379 1135 2446 5
1157 2405 1199 2446 κα
1224 2378 1408 2448 exstitisse.

412 2552 494 2621 Alia
508 2553 628 2621 deinde
643 2553 861 2643 Apollonium
876 2554 1094 2643 Lycophrcni
1108 2553 1231 2623 debere
1246 2554 1408 2624 videmus.

326 2671 463 2755 δωμοίωε
502 2670 555 2756 ΙΙ,
579 2671 642 2738 531
681 2674 891 2758 δωμήσαντες
928 2674 1058 2757 βωμόν,
1105 2671 1189 2758 Lyc.
1221 2671 1285 2738 719
1320 2680 1409 2757 σῆμα

326 2789 553 2874 δωμήσαντες;
588 2787 1006 2875 (med,48;593;1272).
1051 2787 1197 2855 Praeter
1224 2787 1286 2855 hos
1317 2787 1408 2856 locos

325 2926 411 2972 unus
444 2906 579 2972 tantum
610 2903 783 2972 invenitur
805 2903 849 2970 A.
860 2903 899 2970 P.
920 2903 981 2988 XI,
998 2904 1063 2971 400
1086 2907 1290 2972 Λονιιίἰλουι
1325 2906 1410 2990 νηὸν

326 3021 427 3110 ἐχρῆν
457 3061 501 3071 -
531 3023 759 3107 διομόσασθαι.
821 3019 1079 3109 Lycophrcnem
1112 3020 1296 3106 invenisse,
1341 3043 1410 3089 non

327 3137 498 3224 finxisset
528 3137 591 3205 hcc
620 3139 761 3206 verbum
792 3159 832 3205 ea
863 3137 904 3205 de
938 3159 1041 3205 causa
1071 3137 1285 3222 crediderim,
1320 3136 1410 3226 quod

326 3253 518 3342 Hesychius
565 3256 710 3340 δώμησις
755 3257 791 3322 et
836 3256 1003 3340 δωμιρτύς,
1049 3257 1199 3322 veterem
1244 3253 1410 3343 quandam

327 3371 471 3439 formam
503 3370 659 3455 ionicam,
698 3373 812 3440 affert.
871 3371 1010 3460 Itaque,
1043 3378 1083 3440 ut
1112 3371 1203 3440 inter
1240 3394 1274 3440 se
1310 3371 1409 3458 νέμω,

326 3491 430 3575 νομή,
462 3490 582 3575 νόμος,
615 3498 730 3573 νωμᾶν
762 3487 955 3568 cohaerent,
991 3488 1038 3556 sic
1069 3487 1157 3574 δέμον
1186 3487 1342 3576 (sr1925
1376 3487 1408 3556 h.

326 3605 496 3691 Merc.87,
514 3603 600 3692 188),
625 3606 711 3691 δομή
740 3605 836 3692 (Lyc.
861 3612 896 3673 et
918 3605 984 3694 Ap.
1008 3628 1072 3694 pro
1095 3605 1195 3691 δέμας
1217 3605 1283 3690 ΙΙΙ,
1301 3603 1408 3693 1395),

324 3781 532 3796 Q

416 3920 442 3988 1)
461 3918 497 3988 II,
519 3919 587 3974 1030
617 3934 667 3988 pro
696 3918 875 3974 Laurentiani
905 3917 994 3974 forma
1024 3916 1249 3990 ταραμισόμενοι
1274 3919 1409 3990 Bergkius

326 4018 443 4074 coniecit
460 4017 716 4090 παραμενοόμενοι.

414 4121 443 4192 2)
463 4120 545 4176 aliter
572 4104 656 4191 atque
680 4120 845 4193 Aeschylus,
878 4123 925 4191 qui
954 4122 991 4179 ad
1018 4125 1098 4194 δῶμα
1128 4123 1239 4179 novarit
1266 4119 1410 4195 δαματόοι,

326 4218 419 4295 Suppl.
440 4224 493 4278 058
512 4220 715 4294 δεδωμάτωμαι
734 4224 760 4278 δ’
779 4221 840 4278 ose*
860 4219 912 4294 ἐγὼ
933 4230 1035 4298 σμικρᾷ
1052 4226 1119 4296 χερί.
