3054 5010
711 1063 865 1133 CAPUT
886 1063 915 1132 Ι.

284 1199 286 1202 ’
321 1245 383 1312 nn
408 1241 667 1312 vannorum
689 1240 860 1309 renuis
883 1241 943 1308 nr
966 1241 1019 1309 vr
1042 1241 1104 1307 AB
1127 1239 1309 1308 nonani

573 1357 664 1426 osu
685 1356 1055 1425 recuperemus.

159 1534 230 1620 §L
360 1534 443 1602 Cum
476 1534 565 1622 apud
598 1533 780 1601 Homerum
815 1555 882 1601 non
917 1554 1024 1622 pauca
1061 1533 1211 1620 legamus
1238 1536 1355 1619 verbe,

272 1647 415 1740 quorum
430 1651 492 1719 'vel
515 1649 705 1739 praesentis
729 1649 826 1717 modo
849 1649 905 1717 vel
928 1649 1062 1731 coristi,
1085 1653 1179 1718 certe
1199 1673 1268 1717 non
1290 1673 1356 1718 om-

271 1769 364 1835 nium
386 1764 576 1855 temporum
605 1767 734 1835 formae
767 1769 915 1850 exstant,
948 1789 1015 1834 non
1046 1766 1166 1833 mirum
1187 1765 1355 1852 videatur,

272 1885 363 1975 quod
382 1881 515 1973 'poetae
542 1884 600 1973 qui
622 1883 798 1951 Homerico
831 1905 984 1951 sermone
1015 1884 1068 1952 usi
1101 1887 1189 1967 sunt,
1224 1886 1356 1952 ceteras

272 1999 399 2072 formas
434 2023 596 2090 persaepe
641 2000 897 2089 suppleverunt.
953 2001 1005 2067 Ac
1045 2000 1190 2089 primum
1223 2000 1357 2090 quidem

272 2118 395 2186 aoristi
425 2118 554 2185 formas
583 2120 781 2199 verborum,
827 2139 967 2211 quorum
997 2114 1193 2205 praesentia
1222 2110 1358 2185 tantuin

272 2232 376 2302 hebet
397 2233 573 2318 Homerus,
596 2233 798 2322 Apollonius
822 2233 922 2300 finxit
943 2232 1023 2300 has:

360 2351 512 2438 ἀθερίξαι
526 2350 554 2434 Ι,
572 2350 651 2435 123;
674 2351 722 2432 Π,
739 2351 820 2436 477;
845 2350 1021 2436 ἀθερίσσαι
1036 2349 1083 2434 II,
1098 2346 1173 2417 489.
1219 2350 1357 2419 Utram-

273 2489 338 2556 que
369 2467 465 2534 huius
490 2467 576 2555 epici
597 2467 695 2535 verbi
717 2467 859 2535 formam
891 2466 1118 2534 adhibuerunt
1140 2461 1358 2555 Apollonium

274 2583 382 2651 secuti
403 2583 503 2650 Dion.
528 2583 603 2650 Per.
628 2584 691 2649 997
716 2587 752 2651 et
774 2583 933 2650 Manetho
957 2583 987 2666 2,
1011 2583 1085 2650 282.

360 2699 499 2785 ἐλέηραν
529 2700 592 2784 IV,
624 2700 725 2786 130&
758 2700 856 2768 verbi
887 2700 1051 2786 ἐλεαίρειν
1083 2700 1232 2768 acrisius
1264 2699 1358 2768 nulio

272 2815 346 2884 loco
368 2816 435 2884 nisi
456 2817 519 2884 hoc
540 2816 680 2904 legitur,
704 2839 778 2884 cum
800 2817 866 2883 iam
889 2817 1055 2884 Homerus
1079 2820 1208 2884 ceteras
1231 2815 1358 2884 formas

273 2957 295 3001 a
316 2935 422 3001 verbo
455 2933 560 3000 ἐλεεῖν
596 2955 725 3021 semper
757 2934 888 3001 usitato
923 2933 1095 3001 derivatas
1128 2927 1357 3022 usurpaverit.

274 3050 349 3134 Qua
363 3049 399 3116 in
414 3073 452 3116 re
468 3049 513 3134 id,
530 3049 619 3137 quod
635 3072 735 3137 saepe
749 3049 824 3117 fieri
839 3049 935 3135 solet,
959 3049 1127 3118 videmus:
1151 3049 1358 3118 imitatorem

274 3167 434 3235 excedere
457 3166 653 3255 exemplum.

360 3282 506 3368 ἐρύθηνε
528 3283 557 3367 Ι,
581 3285 663 3370 7913
699 3283 763 3368 III,
789 3283 871 3370 6823
909 3283 971 3368 IV,
994 3284 1069 3350 474.
1126 3283 1220 3366 Quae
1253 3282 1359 3352 activi

272 3399 383 3466 forma
411 3398 454 3466 ad
475 3399 574 3467 Hom.
598 3399 820 3486 ἐρυθαίνομαι
843 3400 1024 3468 referenda
1055 3400 1230 3469 invenitur
1253 3399 1356 3490 Orph.

272 3514 359 3602 Arg.
376 3516 440 3582 228
461 3516 537 3600 Ab.,
562 3540 635 3583 cum
657 3517 802 3584 medium
817 3517 876 3584 alii
891 3540 1023 3606 quoque
1046 3517 1131 3605 epici
1152 3516 1357 3586 recentiores

273 3631 489 3699 adhibuerint
511 3655 571 3721 pro
594 3633 735 3701 usitatis
759 3634 875 3701 formis
898 3636 1081 3703 verborum
1103 3633 1357 3721 ἑρυθραίνομαι,

273 3747 453 3834 ἐρυθριᾶω,
486 3748 677 3835 ἑρεύθομαι.
725 3749 808 3817 Cum
838 3753 951 3818 autem
973 3749 1258 3820 Wilamowitzius
1281 3773 1357 3819 vcr-

273 3864 351 3931 bum
367 3863 521 3950 ἐρεύθεια
537 3886 558 3930 a
572 3864 777 3953 Bacchylide
792 3865 885 3953 (XII,
904 3867 966 3933 152
982 3865 1243 3954 ἔρ>ευθεαῗματι
1266 3867 1357 3953 γαῖα)

274 3983 310 4046 et
352 3979 560 4068 Hippocrate
605 3980 660 4069 (de
692 3982 770 4048 mul.
801 3984 908 4050 morb.
940 3982 986 4067 II,
1011 3983 1074 4050 302
1106 3985 1143 4050 τὸ
1175 3985 1357 4070 πρόσωπον

273 4252 341 4304 sum,
352 4251 465 4290 numero
478 4233 607 4290 afferam:
627 4237 761 4306 Stephani
770 4237 956 4307 Thesaurum3
974 4237 1011 4292 M.
1022 4236 1252 4307 Konstantinidis,
1271 4233 1358 4306 Μέγα

272 4334 393 4402 Actania
410 4341 460 4404 τῆς
468 4332 633 4404 Ἑλληνικῆς
645 4335 774 4404 γλώσσης,
794 4337 910 4392 Athenis
925 4340 1115 4406 1901-1907;
1135 4337 1246 4407 Veitch,
1266 4337 1357 4394 Greek

273 4436 353 4493 verbs
370 4437 508 4510 irregular
526 4435 582 4492 and
600 4434 741 4494 defective.
761 4436 824 4494 Oxf.
845 4441 922 4497 1879.
