3054 5010
741 298 784 365 50

218 475 405 559 εγατόμος
436 471 594 541 derivata
622 471 754 558 tragico
785 470 940 555 sermoni,
971 492 1013 538 ex
1035 492 1100 559 quo
1122 470 1321 540 hauriebai

216 589 406 680 Lycophro,
428 591 514 657 bene
528 587 729 678 respondet:
753 591 896 673 γατόμος
918 592 1089 656 servatum
1111 589 1166 656 est
1179 585 1317 656 Aesch.

215 706 260 775 fr.
287 707 360 792 196,
383 708 403 774 3
433 707 473 774 ἵν’
500 706 566 775 οὔτ’
592 708 735 793 ἄροτρον
765 706 842 773 οὔτε
865 707 1008 790 ματόμος
1037 704 1147 789 τέμνει
1180 705 1317 772 sturm

216 826 374 912 ἄρουραν.
418 823 611 891 Dorismum
629 821 738 911 igiiur
752 822 807 890 hic
823 821 959 889 admisit
973 824 1085 911 pocta,
1102 841 1314 910 quamquam

215 940 371 1009 universe
400 938 652 1008 accuratissime
684 939 841 1007 evitavit.
898 937 1062 1006 Fortasse
1092 941 1205 1006 autem
1237 936 1312 1007 huc

144 1060 147 1067 '
214 1057 396 1126 referenda
419 1061 473 1126 est
499 1080 567 1125 vox
590 1059 786 1144 ἀμεύσιμον,
817 1078 915 1145 quam
937 1054 1139 1124 Ruhnkenic
1162 1056 1310 1124 auctora

214 1177 415 1264 receperunt
453 1173 601 1243 editores
637 1173 700 1258 IV,
724 1174 789 1242 297
827 1173 891 1260 ότιῃ
928 1172 983 1240 καί
1020 1174 1205 1259 ἀμεύσιμον
1242 1167 1309 1257 ἦεν

214 1314 278 1381 pro
312 1290 385 1359 cdd.
418 1291 590 1380 scriptura
625 1292 690 1377 ὅκῃ
723 1289 777 1357 καί
811 1293 977 1375 μόρσιμον
1007 1286 1076 1375 ἦεν,
1114 1311 1156 1357 ex
1184 1287 1307 1377 Etym.

214 1408 333 1496 Mgn03
357 1407 447 1496 quod
469 1407 499 1476 si
520 1410 650 1476 rectum
671 1409 732 1491 esi,
757 1406 914 1494 congruit
934 1430 1000 1475 vox
1023 1429 1097 1474 cum
1110 1404 1307 1475 Pindaricis

215 1525 351 1611 ἀμεόειν
361 1523 386 1609 ¹)
423 1523 528 1612 Pyth.
558 1524 591 1607 I,
614 1525 657 1592 86
696 1526 731 1591 ei
766 1524 989 1608 ἀμευσίτορος
1024 1522 1130 1611 Pych.
1158 1521 1225 1607 XI,
1247 1522 1307 1591 58.

214 1640 313 1724 Quod
346 1643 460 1709 auiam
492 1640 521 1725 I,
545 1641 619 1724 820,
653 1641 754 1721 1001;
786 1640 849 1726 IV,
872 1641 936 1708 164
970 1643 1077 1708 εἰσόκε
1111 1662 1184 1707 cum
1214 1638 1307 1708 indi-

216 1757 329 1825 cativo
366 1757 580 1826 coniunctum
617 1759 747 1840 exstat,
791 1757 881 1824 haud
919 1757 1022 1825 aliier
1059 1759 1162 1845 atquc
1195 1757 1309 1824 εἰσότε

217 1873 265 1958 Π,
286 1874 360 1957 857,
384 1873 447 1958 IV,
471 1874 545 1956 800,
572 1874 665 1940 1212.
710 1873 929 1963 Apollonium
951 1877 1065 1942 autem
1086 1871 1218 1942 nonde
1241 1894 1307 1941 auc

217 1989 304 2058 hanc
335 1989 563 2058 confusionem
593 1990 753 2074 effecisse,
789 1989 848 2058 sed
871 1989 1112 2060 Callimachum
1143 1988 1216 2077 (IV,
1238 1989 1307 2058 150

215 2109 322 2173 εἰσόκε
341 2105 504 2192 ἐκέκλετο)
528 2109 678 2174 secutum
701 2128 771 2175 esse
790 2106 975 2175 verisimile
991 2110 1060 2192 σείς
1084 2129 1182 2196 quem
1203 2128 1306 2175 usum

214 2222 503 2293 Wilamowiizius
518 2223 582 2310 (ed.
598 2223 707 2313 praef.
726 2247 758 2313 p.
775 2225 797 2291 8
811 2223 901 2310 adn.)
923 2223 1007 2291 dicii
1022 2223 1170 2292 confusis
1186 2223 1304 2293 dorico

215 2341 275 2407 όκα
299 2370 339 2396 =
364 2341 417 2407 ότε
440 2342 477 2408 et
490 2340 667 2409 Homerico
691 2342 746 2407 όκε
770 2371 811 2397 =
835 2341 853 2406 ὃ
876 2343 918 2407 όν
941 2371 982 2398 =
1007 2340 1025 2406 ό
1047 2366 1088 2407 κα
1113 2339 1299 2409 exsiiiisse.

301 2514 383 2583 Alia
397 2515 517 2584 deinde
532 2515 751 2605 Apollonium
765 2515 983 2604 Lycophroni
998 2514 1120 2584 debere
1136 2514 1299 2585 videmus.

215 2633 352 2718 δωμόω;
391 2632 444 2717 II,
468 2632 531 2700 531
570 2635 781 2718 δωμήσαντες
817 2635 948 2718 βωμόν,
995 2632 1079 2719 Lyc.
1110 2632 1174 2699 719
1211 2640 1300 2719 σῆμα

215 2751 442 2835 δωμήσαντες;
477 2748 895 2836 (mcd48359331272).
941 2748 1086 2817 Praeter
1114 2748 1175 2817 hos
1206 2748 1299 2818 locos

214 2888 300 2934 unus
333 2868 467 2932 tantum
499 2864 673 2934 inveniiur
694 2864 788 2932 A.P.
809 2865 871 2950 XI,
888 2866 952 2933 400
975 2868 1180 2933 Λονκίἰίονε
1214 2866 1300 2951 νηὸν

215 2983 316 3072 ἐχρῆν
346 3023 389 3033 -
420 2985 649 3069 διομόσασθαι.
710 2980 968 3070 Lyccphrcnem
1001 2982 1186 3066 invenisse,
1230 3003 1301 3050 non

216 3099 386 3186 finxisse²)
417 3100 481 3167 hcc
509 3102 651 3168 verbum
681 3120 722 3166 ea
752 3098 793 3166 dc
828 3120 930 3166 causa
960 3098 1175 3183 crediderim,
1210 3098 1300 3187 quod

215 3216 406 3304 Hesychius
453 3218 599 3302 δόμησις
644 3217 680 3282 εἰ
725 3217 892 3301 δωμητός,
939 3219 1089 3283 veterem
1133 3214 1301 3304 quandam

216 3333 360 3400 formam
392 3332 549 3417 ionicam,
587 3334 701 3400 affert.
760 3331 900 3420 Itaque,
932 3340 972 3401 ut
1001 3332 1092 3402 inter
1128 3355 1163 3401 sc
1200 3332 1299 3419 νόμω,

216 3452 318 3535 νομή,
350 3452 470 3536 νόμος,
504 3459 620 3534 νωμᾶν
651 3449 844 3529 cohaerent,
880 3449 928 3517 sic
958 3449 1046 3534 δόμοι
1075 3448 1232 3537 (3151925
1265 3448 1299 3518 h.

215 3565 385 3652 Merc.87,
403 3565 489 3653 188),
514 3568 600 3652 δομή
630 3567 725 3654 (Lyc.
750 3573 785 3634 ei
807 3566 873 3655 Ap.
898 3588 961 3655 pro
985 3566 1085 3652 δέμας
1106 3566 1173 3652 ΠΙ,
1190 3564 1299 3654 1895),

213 3743 421 3757 *n*-

305 3882 331 3950 1)
350 3879 386 3949 11,
408 3881 476 3936 1030
506 3895 556 3949 pro
585 3879 765 3936 Laurentiani
795 3877 884 3936 forma
913 3877 1138 3952 ααραμισόμενοι
1164 3880 1299 3952 Bergkius

215 3980 332 4036 coniecit
349 3979 605 4052 παραμενσόμενοι.

303 4084 332 4154 2)
352 4082 433 4138 aliter
461 4088 545 4152 atque
569 4081 734 4155 Aeschylus,
767 4083 815 4152 qui
843 4083 880 4139 ad
908 4086 987 4156 δῶμα
1017 4084 1128 4140 novavit
1155 4079 1300 4156 δαματόα,

215 4180 308 4256 Suppl.
329 4186 382 4240 958
401 4183 604 4256 δεδωμάτωμαι
623 4186 649 4240 δ’
668 4182 729 4239 οὐδ’
749 4180 801 4254 ἐγὼ
822 4191 924 4259 σμικρᾷ
941 4186 1009 4257 χερί.
