3054 5010
737 275 806 344 47.

217 471 279 537 περ
303 449 407 540 ὁμίλρι
427 449 432 537 Ι
451 461 518 516 τῶν
548 436 610 535 μὲν
632 449 673 515 ἔτ’
699 450 761 516 οὐκ
785 448 896 533 ἀλέγει
922 469 1143 538 „quamquam
1164 452 1304 520 caterva

218 566 451 651 circumdatus,
487 566 615 634 cinctus
645 567 707 651 est,
742 568 857 634 tamen
887 564 967 634 illos
999 566 1182 656 neglegens
1213 567 1303 657 petit

216 706 328 764 unum,
351 685 410 773 qni
433 706 507 751 enm
528 683 754 752 vulneravit“.
801 683 829 768 Ι,
851 683 915 750 329
939 686 1053 752 autem
1075 684 1228 752 subiecta
1249 687 1304 752 est

216 800 310 867 notio
334 800 553 889 complicandi
584 799 815 884 convolvendi,
851 801 955 868 αὐτοῦ
985 801 1013 867 δ’
1041 801 1227 886 ἰλλομένοις
1249 799 1303 866 έττί

217 917 619 1004 λαίφεσιν-ἑδριόωντο,
644 939 730 1006 quae
750 917 889 1007 propius
908 917 1039 986 accedit
1054 917 1097 986 ad
1113 921 1304 986 ceterorum

217 1057 312 1101 usum
335 1035 488 1123 quamvis
512 1057 643 1103 rarum:
667 1035 758 1102 Plat.
774 1034 858 1101 Tim.
875 1035 960 1102 4οΒ
983 1046 1047 1120 γῆν
1063 1034 1303 1121 -ἰλλομένην

216 1151 293 1239 περὶ
316 1154 376 1218 τὸν
399 1153 454 1218 διὰ
476 1154 600 1230 παντὸς
617 1155 723 1219 πόλον
741 1151 937 1238 τεταμένον;
963 1151 1102 1219 eandem
1123 1151 1210 1220 hano
1230 1151 1303 1221 vol·

218 1268 321 1336 vendi
348 1269 520 1336 notionem
546 1268 651 1337 habet
682 1267 782 1358 Soph.
805 1267 889 1337 Ant.
913 1269 977 1336 339
1010 1268 1194 1355 ἰλλομένων
1228 1268 1302 1355 ἀρό·

216 1411 305 1471 τροτν
331 1389 404 1464 έτος
427 1389 475 1464 εἰς
497 1388 569 1464 ἔτος
601 1389 637 1453 et
667 1385 849 1474 singularis
879 1386 994 1455 activa
1022 1386 1133 1454 forma
1154 1385 1228 1454 Nic.
1251 1385 1301 1453 th.

215 1502 281 1569 478
313 1504 451 1587 σαολίην
485 1502 635 1590 ἀτραπὸν
667 1507 780 1571 ἰλλοον.
839 1502 889 1570 Ut
921 1510 1034 1571 antem
1070 1502 1164 1570 illam
1194 1501 1301 1591 Apol-

216 1618 386 1686 lonianam
409 1619 478 1688 vim
500 1619 668 1687 vinciendi
699 1619 781 1688 haec
811 1641 878 1688 vox
908 1619 1084 1708 acciperet,
1117 1619 1208 1687 haud
1231 1618 1299 1687 scio

217 1757 261 1803 an
282 1759 351 1805 vox
373 1735 553 1804 Homerica
576 1737 669 1815 ἰλλάς
692 1736 744 1825 (Ν
753 1737 816 1804 572
840 1737 1120 1822 βοῦν-ἰλλάσιν
1143 1735 1205 1803 οὐκ
1227 1735 1300 1803 ἐθέ-

93 1935 96 1939 .
216 1857 317 1918 λοντα
350 1853 406 1940 βίη
438 1854 599 1938 δήσαντες
632 1852 785 1939 ἄγουσιν)
822 1852 989 1938 effecerit5
1025 1852 1167 1933 ἰλλολζειν
1199 1852 1302 1921 affert

215 1966 416 2055 Hesychius.

212 2094 217 2105 '
302 2085 513 2155 Vocabulum
534 2085 646 2172 πιλέοι,

258 2202 321 2287 IV,
334 2203 399 2270 678
420 2205 534 2291 χθών.
548 2253 555 2270 .
569 2253 577 2271 .
591 2184 683 2270 οὔπω
700 2201 846 2291 διψαλέῳ
861 2228 905 2288 μα

216 2343 257 2388 ex
280 2320 552 2409 philosophorum
575 2320 736 2390 thesauro
760 2321 939 2409 sumpsisse
956 2321 1092 2392 videtur
1108 2323 1220 2410 poeta,
1245 2321 1302 2410 qni

202 2437 278 2516 *hoo
307 2438 381 2506 loco
413 2438 622 2527 Empedoclis
653 2437 897 2528 philosophiam
929 2438 1146 2527 expresserit.
1198 2437 1302 2528 Apud

215 2539 311 2622 illum
344 2579 419 2623 oum
450 2579 516 2624 vox
554 2561 664 2623 πιλεῖν
698 2579 765 2624 nou
804 2556 949 2645 legatur,
985 2560 1102 2628 tamen
1130 2555 1231 2624 Plato
1265 2556 1301 2624 in

216 2672 352 2741 Timaeo
377 2676 412 2740 et
434 2677 566 2760 πίλησις
589 2675 631 2741 58
643 2674 682 2758 Β,
707 2673 789 2743 760
821 2677 857 2741 et
888 2680 1066 2761 σνμπιλεῑν
1089 2675 1132 2741 45
1143 2674 1183 2759 B,
1208 2673 1249 2741 76
1264 2673 1300 2756 C,

215 2790 299 2856 6113
322 2789 512 2879 usurpavit,
536 2790 619 2858 item
633 2789 841 2859 Aristoteles
864 2793 1002 2859 meteor.
1019 2792 1049 2876 2,
1065 2791 1101 2877 8;
1126 2811 1212 2879 qnae
1234 2813 1302 2859 vox

214 2910 334 2994 postea
357 2928 378 2974 a
398 2906 584 2976 Plutarcho
608 2906 749 2996 aliisque
772 2907 864 2974 illius
887 2907 1012 2976 aetatis
1034 2908 1183 2976 crebrius
1207 2906 1300 2976 adhi-

215 3023 290 3092 bita
313 3027 374 3092 est.
419 3023 518 3108 Quod
538 3024 667 3113 legitur
688 3024 730 3092 A.
747 3023 786 3091 P.
810 3024 871 3108 VI,
896 3025 960 3091 282
990 3024 1195 3113 (Θεοδώρου)

259 3140 324 3208 Σοὶ
348 3143 407 3209 τὸν
430 3141 614 3227 πιληδέντα
636 3141 680 3207 δι’
697 3141 858 3222 εὐξέντου
880 3143 992 3229 τριχὸς
1015 3142 1123 3228 ἀμνοῦ

259 3257 370 3346 Ἑρμᾶ,
393 3257 594 3353 Καλλιτέλης
616 3257 796 3344 ἐκρέμασεν
818 3257 972 3343 πέτασον,

218 3398 291 3444 cum
312 3397 394 3444 voce
416 3376 513 3455 πῖλος
543 3375 598 3443 hic
628 3375 812 3462 τιληθέντα
841 3375 1107 3464 coniungendum
1131 3378 1184 3444 est
1205 3375 1301 3446 velut

217 3493 301 3562 Call.
325 3493 366 3561 fr.
392 3493 455 3562 125
477 3496 674 3578 ποιμενικὸν
697 3492 829 3586 πίλημα.

302 3610 396 3695 Quae
424 3632 512 3678 nunc
541 3609 806 3679 enumerabimus
837 3613 949 3696 verba,
983 3609 1093 3678 omnia
1123 3613 1300 3698 poetarum
1330 3635 1411 3722 ρης,

216 3725 412 3796 elocutionis
449 3727 588 3818 propria
624 3729 719 3812 sunt,
758 3726 925 3816 poeticae,
963 3729 1005 3795 ut
1040 3727 1107 3795 iam
1144 3726 1297 3813 diximus,

217 3847 408 3929 συνηθείας.

262 3961 393 4048 ἀμέρνω
431 3960 583 4051 Sappho;
620 3963 701 4029 Eur.
731 3960 814 4030 Her.
838 3961 862 4028 f.
886 3961 961 4029 397.
984 4000 1022 4011 -
1046 3961 1074 4046 Ι,
1097 3961 1181 4049 882;
1215 3961 1297 4030 med

348 4078 412 4164 IV,
437 4079 532 4164 1144,
554 4083 595 4148 ut
618 4077 782 4166 [Theseu]
806 4081 918 4164 Ληναί
936 4079 966 4146 3.
